@string{SPIE = "Proc.~of the SPIE Conf.~on Mobile Robots"}
@string{AMS = "Fachgespräche Autonome Mobile Systeme (AMS)"}
@string{mitpress = "MIT Press"}
@string{SOAVE = "Proc.~of the Workshop on Self-Organization of AdaptiVE behavior (SOAVE)"}
@string{springer = "Springer Verlag"}
@string{springerstaradvanced = "STAR Springer tracts in advanced robotics"}
@string{UAI = "Proc.~of the Conf.~on Uncertainty in Artificial Intelligence (UAI)"}
@string{IJCAI = "Proc.~of the Int.~Conf.~on Artificial Intelligence (IJCAI)"}
@string{AAAI = "Proc.~of the National Conf.~on Artificial Intelligence (AAAI)"}
@string{ICAR = "Proc.~of the Int.~Conf.~on Advanced Robotics (ICAR)"}
@string{CIRA = "Proc.~of the IEEE Int.~Symposium on Computational Intelligence in Robotics and Automation (CIRA)"}
@string{ACRA = "Proc.~of the Australasian Conf.~on Robotics \& Automation (ACRA)"}
@string{ieeeram = "IEEE Robotics \& Automation Magazine"}
@string{ieeetrans = "{IEEE} Transactions on Robotics and Automation"}
@string{ijrr = "Int.~Journal of Robotics Research"}
@string{ieeepress = "IEEE Computer Society Press"}
@string{addison = "Addison-Wesley Publishing Inc."}
@string{ieeepress = "IEEE Computer Society Press"}
@string{dagstuhl = "Proc.~of the Dagstuhl Seminar on Plan-based Control of Robotic Agents"}
@string{NIPS = "Proc.~of the Conf.~on Neural Information Processing Systems (NIPS)"}
@string{ISRR = "Proc.~of the Int.~Symposium of Robotics Research (ISRR)"}
@string{RSS = "Proc.~of Robotics: Science and Systems (RSS)"}
@string{RSSBOOK = "Robotics: Science and Systems"}
@string{ieeetransrob = "IEEE Transactions on Robotics"}
@string{snowbird = "Proc.~of the Learning Workshop (Snowbird)"}
@string{CVPR = "Proc.~of the IEEE Conf.~on Computer Vision and Pattern Recognition (CVPR)"}
@string{ICIP = "Proc.~of the IEEE Int.~Conf.~on Image Processing (ICIP)"}
@string{SMC = "Proc.~of the IEEE Int.~Conf.~on Systems, Man, and Cybernetics (SMC)"}
@string{ICCV = "Proc.~of the Int.~Conf.~on Computer Vision (ICCV)"}
@string{jair = "Journal of Artificial Intelligence Research (JAIR)"}
@string{ar = "Journal of Autonomous Robots"}
@string{FSR = "Proc.~of the Int.~Conf.~on Field and Service Robots (FSR)"}
@string{WAFR = "Proc.~of the Int.~Workshop on Algorithmic Foundations of Robotics (WAFR)"}
@string{ACC = "Proc.~of the American Control Conf.~(ACC)"}
@string{jirs = "Journal of Intelligent and Robotic Systems"}

% journals and proceedings we published in
@string{tim = "IEEE Transactions on Instrumentation \& Measurement"}
@string{advancedrobotics = "Advanced Robotics"}
@string{jras = "Robotics \& Autonomous Systems"}
@string{ICRA = "Proc.~of the IEEE Int.~Conf.~on Robotics \& Automation (ICRA)"}
@string{IROS = "Proc.~of the IEEE/RSJ Int.~Conf.~on Intelligent Robots and Systems (IROS)"}
@string{ECMR  = "Proc.~of the European Conf.~on Mobile Robots (ECMR)"}
@string{COGSYS  = "Proc.~of the Int.~Conf.~on Cognitive Systems (CogSys)"}
@string{TUZ = "Proc.~of the Workshop Testmethoden und Zuverlässigkeit von Schaltungen und Systemen (TUZ)"}
@string{IOLTS = "Proc.~of the IEEE Int.~On-Line Testing Symposium (IOLTS)"}
@string{I2MTC = "Proc.~of the IEEE Int.~Instrumentation and Measurement Technology Conf.~(I2MTC)"}
@string{IPIN = "Proc.~of the Int.~Conf.~on Indoor Positioning and Indoor Navigation (IPIN)"}
@string{VTS = "Proc.~of the IEEE VLSI Test Symposium (VTS)"}
@string{ICRA13WS = "Proc.~of the ICRA Workshop on Computational Techniques in Natural Motion Analysis and Reconstruction"}

%%%%%%%%%%%%%%%%%%%%%%%%%
% own publications
%%%%%%%%%%%%%%%%%%%%%%%%%

@inproceedings{mueller08cogsys,
  author = {M\"{u}ller, J. and Stachniss, C. and Arras, K.O. and Burgard, W.},
  title = {Socially Inspired Motion Planning for Mobile Robots in Populated Environments},
  booktitle = COGSYS,
  OPTpages = {85-90},
  year = 2008,
  OPTaddress = {Karlsruhe, Germany},
  OPTmonth = {April},
  OPTurl = {http://ais.informatik.uni-freiburg.de/publications/papers/mueller08cogsys.pdf},
}

@inproceedings{mueller09icra,
  author = {M\"{u}ller, J. and Rottmann, A. and Reindl, L.M. and Burgard, W.},
  title = {A Probabilistic Sonar Sensor Model for Robust Localization of a Small-size Blimp in Indoor Environments using a Particle Filter},
  booktitle = ICRA,
  OPTpages = {3589-3594},
  year = 2009,
  OPTaddress = {Kobe, Japan},
  OPTmonth = {May},
  OPTurl = {http://ais.informatik.uni-freiburg.de/publications/papers/mueller09icra.pdf},
}

@inproceedings{mueller10icra,
  author = {M\"{u}ller, J. and Gonsior, C. and Burgard, W.},
  title = {Improved {M}onte {C}arlo Localization of Autonomous Robots through Simultaneous Estimation of Motion Model Parameters},
  booktitle = ICRA,
  OPTpages = {2604-2609},
  year = 2010,
  OPTaddress = {Anchorage, AK, USA},
  OPTmonth = {May},
  OPTurl = {http://ais.informatik.uni-freiburg.de/publications/papers/mueller10icra.pdf},
}

@inproceedings{beinhofer11icra,
  author = {Beinhofer, M. and M\"{u}ller, J. and Burgard, W.},
  title = {Near-optimal Landmark Selection for Mobile Robot Navigation},
  booktitle = ICRA,
  OPTpages = {4744-4749},
  year = {2011},
  OPTaddress = {Shanghai, China},
  OPTmonth = {May},
  OPTurl = {http://ais.informatik.uni-freiburg.de/publications/papers/beinhofer11icra.pdf},
}

@inproceedings{sauer11iolts,
  author = {Sauer, M. and Tomashevich, V. and M\"{u}ller, J. and Lewis, M. and Spilla, A. and Polian, I. and Becker, B. and Burgard, W.},
  title = {An {FPGA}-Based Framework for Run-time Injection and Analysis of Soft Errors in Microprocessors},
  booktitle = IOLTS,
  year = {2011},
  OPTpages = {182-185},
  OPTaddress = {Athens, Greece},
  OPTmonth = {July},
  OPTurl = {http://ais.informatik.uni-freiburg.de/publications/papers/sauer11iolts.pdf},
}

@inproceedings{spilla11tuz,
  author = {Spilla, A. and Polian, I. and M\"{u}ller, J. and Lewis, M. and Tomashevich, V. and Becker, B. and Burgard, W.},
  title = {Run-time Soft Error Injection and Testing of a Microprocessor using {FPGAs}.},
  booktitle = TUZ,
  year = {2011},
  OPTaddress = {Passau, Germany},
  OPTmonth = {February},
}

@inproceedings{beinhofer11ecmr,
  author = {Beinhofer, M. and M\"{u}ller, J. and Burgard, W.},
  title = {Landmark Placement for Accurate Mobile Robot Navigation},
  booktitle = ECMR,
  OPTpages = {55-60},
  year = {2011},
  OPTaddress = {{\"O}rebro, Sweden},
  OPTmonth = {September},
  OPTurl = {http://ais.informatik.uni-freiburg.de/publications/papers/beinhofer11ecmr.pdf},
}

@inproceedings{mueller11iros,
  author = {M\"{u}ller, J. and Kohler, N. and Burgard, W.},
  title = {Autonomous Miniature Blimp Navigation with Online Motion Planning and Re-planning},
  booktitle = IROS,
  OPTpages = {4941-4946},
  year = {2011},
  OPTaddress = {San Francisco, CA, USA},
  OPTmonth = {September},
  OPTurl = {http://ais.informatik.uni-freiburg.de/publications/papers/mueller11iros.pdf},
}

@inproceedings{mueller12icra,
  author = {M\"{u}ller, J. and Paul, O. and Burgard, W.},
  title = {Probabilistic Velocity Estimation for Autonomous Miniature Airships using Thermal Air Flow Sensors},
  booktitle = ICRA,
  OPTpages = {39-44},
  year = {2012},
  OPTaddress = {Saint Paul, MN, USA},
  OPTmonth = {May},
  OPTurl = {http://ais.informatik.uni-freiburg.de/publications/papers/mueller12icra.pdf},
}

@inproceedings{hoeflinger12i2mtc,
  author = {H\"{o}flinger, F. and M\"{u}ller, J. and T\"{o}rk, M. and Reindl, L.M. and Burgard, W.},
  booktitle = I2MTC,
  title = {A Wireless Micro Inertial Measurement Unit ({IMU})},
  OPTpages = {2578-2583},
  year = {2012},
  OPTaddress = {Graz, Austria},
  OPTmonth = {May},
  OPTurl = {http://ais.informatik.uni-freiburg.de/publications/papers/hoeflinger12i2mtc.pdf},
  OPTurl = {http://dx.doi.org/10.1109/I2MTC.2012.6229271},
  OPTdoi = {10.1109/I2MTC.2012.6229271},
}

@article{beinhofer13ras,
  author = {Beinhofer, M. and M\"{u}ller, J. and Burgard, W.},
  title = {Effective Landmark Placement for Accurate and Reliable Mobile Robot Navigation},
  journal = jras,
  year = {2013},
  doi = {10.1016/j.robot.2012.08.009},
  OPTurl = {http://dx.doi.org/10.1016/j.robot.2012.08.009},
}
%TODO: pages, volume, number

@inproceedings{wendeberg12ipin,
  author = {Wendeberg, J. and M\"{u}ller, J. and Schindelhauer, C. and Burgard, W.},
  title = {Robust Tracking of a Mobile Beacon using Time Differences of Arrival with Simultaneous Calibration of Receiver Positions},
  booktitle = IPIN,
  year = {2012},
  OPTaddress = {Sydney, Australia},
  OPTmonth = {November},
  OPTurl = {http://ais.informatik.uni-freiburg.de/publications/papers/wendeberg12ipin.pdf},
}

@article{hoeflinger13tim,
  author = {H\"{o}flinger, F. and M\"{u}ller, J. and Zhang, R. and Burgard, W. and Reindl, L.M.},
  title = {A Wireless Micro Inertial Measurement Unit ({IMU})},
  journal = tim,
  year = {2013},
  note = {Accepted for publication},
}
%TODO: pages, volume, number

@inproceedings{riefert13vts,
  author = {Riefert, A. and M\"{u}ller, J. and Sauer, M. and Burgard, W. and Becker, B.},
  title = {Identification of Critical Variables using an {FPGA}-based Fault Injection Framework},
  booktitle = VTS,
  year = {2013},
  OPTaddress = {Berkeley, CA, USA},
  OPTmonth = {April},
}
%TODO: pages

@article{mueller13ar,
  author = {M\"{u}ller, J. and Burgard, W.},
  title = {Efficient Probabilistic Localization for Autonomous Indoor Airships using Sonar, Air Flow, and {IMU} Sensors},
  journal = advancedrobotics,
  year = {2013},
  doi = {10.1080/01691864.2013.779005},
  pages = {711-724},
  volume = {27},
  number = {9},
}

@inproceedings{riefert13tuz,
  author = {Riefert, A. and M\"{u}ller, J. and Sauer, M. and Burgard, W. and Becker, B.},
  title = {Identification of Critical Variables using an {FPGA}-based Fault Injection Framework},
  booktitle = TUZ,
  year = {2013},
  OPTaddress = {Dresden, Germany},
  OPTmonth = {February},
}

@inproceedings{beinhofer13iros,
  author = {Beinhofer, M. and M\"{u}ller, J. and Krause, A. and Burgard, W.},
  title = {Robust Landmark Selection for Mobile Robot Navigation},
  booktitle = IROS,
  year = {2013},
  OPTaddress = {Tokyo, Japan},
  OPTmonth = {November},
  note = {Submitted},
}

@inproceedings{meyer13icraws,
  author = {Meyer, J. and Kuderer, M. and M\"{u}ller, J. and Burgard, W.},
  title = {Online Marker Labeling for Automatic Skeleton Tracking in Optical Motion Capture},
  booktitle = ICRA13WS,
  year = {2013},
  OPTaddress = {Karlsruhe, Germany},
  OPTmonth = {May},
}

@techreport{sittel13regression,
  author = {Sittel, F. and M\"{u}ller, J. and Burgard, W.},
  title = {Computing Velocities and Accelerations from a Pose Time Sequence in Three-dimensional Space},
  institution = {University of Freiburg, Department of Computer Science},
  number = {272},
  year = {2013},
  OPTurl = {http://ais.informatik.uni-freiburg.de/publications/papers/sittel13tr.pdf},
}


%%%%%%%%%%%%%%%%%%%%%%%%%
% own thesis
%%%%%%%%%%%%%%%%%%%%%%%%%

@mastersthesis{mueller08diplom,
  author =       {M\"{u}ller, J.},
  title =        {Techniken f\"{u}r die {N}avigation autonomer {L}uftschiffe},
  school =       {University of Freiburg, Department of Computer Science},
  year =         2008,
  note =         {In German},
  OPTmonth = {July},
  OPTurl = {http://www.informatik.uni-freiburg.de/\~muellerj/pdf/mueller08diplom.pdf},
}

@phdthesis{mueller07student,
  author =       {M\"{u}ller, J.},
  title =        {Adaptive Pfadplanung f\"{u}r mobile Roboter in bevölkerten Umgebungen},
  school =       {University of Freiburg, Department of Computer Science},
  year =         2007,
  note =         {In German},
  type = {Student's Project Thesis},
  OPTmonth = {July},
  OPTurl = {http://www.informatik.uni-freiburg.de/\~muellerj/pdf/mueller07studienarbeit.pdf},
}


%%%%%%%%%%%%%%%%%%%%%%%%%
% other publications
%%%%%%%%%%%%%%%%%%%%%%%%%

@ARTICLE{thrun01ijrr,
  author = {Thrun, S.},
  title = {A Probabilistic Online Mapping Algorithm for Teams of Mobile Robots},
  journal = ijrr,
  year = {2001},
  volume = {20},
  number = {5},
  pages = {335--363}
}

@INPROCEEDINGS{burgard98iros,
  author =	 {Burgard, W. and Derr, A. and Fox, D. and Cremers, A.B.},
  title =	 {Integrating Global Position Estimation and Position Tracking for Mobile Robots: The Dynamic {M}arkov Localization Approach},
  booktitle =	 IROS,
  year =	 {1998}
}

@manual{CarmenWWW,
  author =       {M. Montemerlo and N. Roy and S. Thrun and D. H\"{a}hnel and C. Stachniss and J. Glover},
  title =        {{CARMEN} -- {T}he {C}arnegie {M}ellon Robot Navigation Toolkit},
  url = {http://carmen.sourceforge.net},
  year =         {2002},
}

@INPROCEEDINGS{gutmann02iros,
  author =	 {Gutmann, J.-S. and Fox, D.},
  title =	 {An Experimental Comparison of Localization Methods Continued},
  year =	 {2002},
  booktitle =	 IROS,
  OPTaddress =	 {Lausanne, Switzerland},
}

@Inproceedings{julier95acc,
  author =	 {Julier, S. and Uhlmann, J. and Durrant-Whyte, H.},
  title =	 {A new Approach for Filtering Nonlinear Systems},
  year =	 {1995},
  booktitle =	 ACC,
  OPTaddress =	 {Seattle, WA, USA},
  OPTpages =	 {1628--1632},
}

@Article{kalman60jbe,
  author =	 {Kalman, R.E.},
  title =	 {A New Approach To Linear Filtering and Prediction Problems},
  journal =	 {ASME-Journal of Basic Engineering},
  year =	 1960,
  volume = {82},
  number = {1},
  OPTmonth =	 {March},
  pages =	 {35-45},
}

@article{liu96sc,
  author =	 {Liu, J.S.},
  title =	 {Metropolized independent sampling with comparisons to rejection sampling and importance sampling},
  journal =	 {Statistics and Computing},
  volume =	 {6},
  number = {2},
  year =	 {1996},
  pages = {113--119},
}

@INPROCEEDINGS{montemerlo02aaai,
  author =	 {Montemerlo, M. and Thrun, S. and Koller, D. and Wegbreit, B.},
  title =	 {{FastSLAM}: A Factored Solution to Simultaneous Localization and Mapping},
  year =	 {2002},
  booktitle =	 AAAI,
  OPTpages = {593--598},
}

@InProceedings{moravec85icra,
  author =	 {Moravec, H.P. and Elfes, A.E.},
  title =	 {High Resolution Maps from Wide Angle Sonar},
  booktitle =	 ICRA,
  year =	 1985,
  OPTpages = {116--121},
}

@InProceedings{roy98aaaifs,
  author =	 {N. Roy and W. Burgard and D. Fox and S. Thrun},
  title =	 {Coastal Navigation -- Robot Motion with Uncertainty},
  booktitle =	 {Proc.~of the AAAI Fall Symposium: Planning with POMDPs},
  OPTaddress =	 {Stanford, CA, USA},
  year =	 {1998}
}

@ARTICLE{grisetti07tro,
  title =	 {Improved Techniques for Grid Mapping with {R}ao-{B}lackwellized Particle Filters},
  author =	 {Grisetti, G. and Stachniss, C. and Burgard, W.},
  journal =	 ieeetransrob,
  year =	 2007,
  pages =        {34--46},
  volume =       {23},
  number =       {1},
}

@InProceedings{plagemann06euros,
  author =	 {Plagemann, C. and Stachniss, C. and Burgard, W.},
  title =	 {Efficient Failure Detection for Mobile Robots using
                  Mixed-Abstraction Particle Filters},
  editor =	 {H.I. Christensen},
  booktitle =	 {European Robotics Symposium 2006},
  publisher =	 springer,
  year =	 2006,
  volume =	 {22},
  series =	 springerstaradvanced,
  OPTisbn =	 {3-540-32688-X},
  OPTurl = {http://www.informatik.uni-freiburg.de/~stachnis/pdf/plagemann06euros.pdf},
}

@BOOK{thrun05,
  author =	 {Thrun, S. and Burgard, W. and Fox, D.},
  title =	 {Probabilistic Robotics},
  publisher =	 mitpress,
  year =	 {2005}
}

@InProceedings{stachniss02iros,
  author =	 {Stachniss, C. and Burgard, W.},
  title =	 {An Integrated Approach to Goal-directed Obstacle
                  Avoidance under Dynamic Constraints for Dynamic
                  Environments},
  booktitle =	 IROS,
  year =	 2002,
  OPTpages =	 {508--513},
  OPTurl = {http://www.informatik.uni-freiburg.de/~stachnis/pdf/stachniss02iros.pdf},
  OPTaddress =	 {Lausanne, Switzerland},
}

@InProceedings{triebel06mls,
  author =	 {R. Triebel and P. Pfaff and W. Burgard},
  title =	 {Multi-Level Surface Maps for Outdoor Terrain Mapping
                  and Loop Closing},
  booktitle =	 IROS,
  year =	 2006
}

@INPROCEEDINGS{plagemann07rss,
  title = {Gaussian Beam Processes: A Nonparametric {B}ayesian Measurement Model for Range Finders},
  author = {Plagemann, C. and Kersting, K. and Pfaff, P. and Burgard, W.},
  booktitle = RSS,
  year = {2007},
  PDFURL    = {http://www.informatik.uni-freiburg.de/~plagem/bib/plagemann07rss.pdf},
  OPTaddress = {Atlanta, Georgia, USA},
  OPTmonth = {June},
}

%%%%%%%%%%%%%%%%%%%%%%%%%%%%%%%%%
% added literature by muellerj
%%%%%%%%%%%%%%%%%%%%%%%%%%%%%%%%%

@ARTICLE{bennewitz05ijrr,
  author = {M. Bennewitz and W. Burgard and G. Cielniak and S. Thrun},
  title = {Learning Motion Patterns of People for Compliant Robot Motion},
  journal = ijrr,
  volume = 24,
  number = 1,
  year = 2005
}

@article{schulz03ijrr,
  author = {D. Schulz and W. Burgard and D. Fox and A.B. Cremers},
  title = {People Tracking with a Mobile Robot Using Sample-based Joint Probabilistic Data Association Filters},
  journal = ijrr,
  volume = 22,
  number = 2,
  pages = {99-116},
  year = 2003
}

@InProceedings{czielniak03ijcai,
  author = {Czielniak, G. and Bennewitz, M. and Burgard, W.},
  title = {Where is ...? Learning and Utilizing Motion Patterns of Persons with Mobile Robots},
  booktitle = IJCAI,
  year = {2003}
}

@article{thrun00ijrr,
  author = {Thrun, S. and Beetz, M. and Bennewitz, M. and Burgard, W. and Cremers, A.B. and Dellaert, F. and Fox, D. and H\"{a}hnel, D. and Rosenberg, C. and Roy, N. and Schulte, J. and Schulz, D.},
  title = {Probabilistic Algorithms and the Interactive Museum Tour-Guide Robot {M}inerva},
  journal = ijrr,
  volume = 19,
  number = 11,
  year = 2000,
}

@inproceedings{kobilarov06icra,
  author = {Kobilarov, M. and  Sukhatme, G. and Hyams, J. and Batavia, P.},
  title = {People tracking and following with mobile robot using an omnidirectional camera and a laser},
  booktitle = ICRA,
  pages = {557-562},
  ISSN = {1050-4729},
  ISBN = {0-7803-9505-0},
  year = {2006}
}

@inproceedings{schulz06rss,
  author = {Dirk Schulz},
  title = {A Probabilistic Exemplar Approach to Combine Laser and Vision
               for Person Tracking.},
  booktitle = RSS,
  year = {2006},
  address = {Philadelphia, USA},
  OPTmonth = {August}
}

@inproceedings{jensen03ijcai,
  author = {Jensen, B. and Philippsen, R. and Siegwart, R.},
  title = {Motion Detection and Path Planning in Dynamic Environments},
  booktitle = {Workshop Proc.~Reasoning with Uncertainty in Robotics, Int.~Joint Conf.~on Artificial Intelligence IJCAI'03},
  year = {2003}
}

@Inproceedings{foka02iros,
  author = {Foka, A. and Trahanias, P.},
  title ={Predictive Autonomous Robot Navigation},
  year = {2002},
  pages = {490-495},
  booktitle = IROS
}

@inproceedings{philippsen06iros,
  author = {Philippsen, R. and Jensen, B. and Siegwart, R.},
  title = {Toward Online Probabilistic Path Replanning in Dynamic Environments},
  booktitle = IROS,
  year = 2006

}

@article{jensen05tie,
  author = {Jensen, B. and Tomatis, N. and Mayor, L. and Drygajlo, A. and Siegwart, R.},
  title = {Robots Meet Humans -- Interaction in Public Spaces},
  journal = {IEEE Transactions on Industrial Electronics},
  volume = {52},
  number = {6},
  year = {2005}
}

@inproceedings{philippsen03icra,
  title = {Smooth and Efficient Obstacle Avoidance for a Tour Guide Robot},
  author = {Philippsen, R. and Siegwart, R.},
  booktitle = ICRA,
  year = {2003}
}

@Article{siegwart2003ras,
  author =	{Siegwart, R. and Arras, K.O. and Bouabdallah, S. and Burnier, D. and Froidevaux, G. and Greppin, X. and Jensen, B. and Lorotte, A. and Mayor, L. and Meisser, M. and Philippsen, R. and Piguet, R. and Ramel, G. and Terrien, G. and Tomatis, N.},
  title =	{Robox at {E}xpo.02: A Large-Scale Installation of Personal Robots},
  journal =	jras,
  volume =	{42},
  number =	{3-4},
  pages =	{203-222},
  OPTmonth =	{March},
  year =	{2003},
}

@Inproceedings{feyrer00ias,
  author = {Feyrer, S. and Zell, A.},
  title ={Robust Real-Time Pursuit of Persons with a Mobile Robot Using Multisensor Fusion},
  year = {2000},
  pages = {710-715},
  booktitle = {6th Int.~Conf.~on Intelligent Autonomous Systems (IAS-6), Venice, Italy}
}

@Mastersthesis{weser06master,
  author = {Weser, M.},
  title ={Multimodales Tracking und Trajektorien Vorhersage},
  year = {2006},
  school = {Universit\"at Hamburg},
  note = {In German},
}

@Inproceedings{arras07icra,
  author = {Arras, K.O. and Mozos, O.M. and Burgard, W.},
  title ={Using Boosted Features for the Detection of People in 2{D} Range Data},
  year = {2007},
  pages = {},
  booktitle = ICRA
}

@Article{prassler99ijrr,
  author = {Prassler, E. and Scholz, J. and Fiorini, P.},
  title = {Navigating a Robotic Wheelchair in a Railway Station during Rush Hour},
  year ={1999},
  journal = ijrr,
  vol = {18},
  pages = {711-727}
}

@Inproceedings{illmann02iros,
  author = {Illmann, J. and Kluge, B. and Prassler, E.},
  title = {Statistical recognition of motion patterns},
  year = {2002},
  pages = {1259-1264},
  booktitle = IROS
}

@Inproceedings{tadokoro95iros,
  author = {Tadokoro, S. and Hayashi, M. and Manabe, Y. and Nakami, Y. and Takamori, T.},
  title = {On motion planning of mobile robots which coexist and cooperate with human},
  year = {1995},
  pages = {518-523},
  booktitle = IROS
}

@Inproceedings{haehnel02iros,
  author = {H\"{a}hnel, D. and Schulz, D. and Burgard, W.},
  title = {Map Building with Mobile Robots in Populated Environments},
  year = 2002,
  booktitle = IROS
}

@inproceedings{wang03icra,
  author = {Wang, C.-C. and Thorpe, C. and Thrun, S.},
  title = {Online Simultaneous Localization And Mapping with Detection And Tracking of Moving Objects: Theory and Results from a Ground Vehicle in Crowded Urban Areas},
  booktitle = ICRA,
  OPTaddress = {Taipei, Taiwan},
  OPTmonth = {September},
  year = {2003},
}

@Inproceedings{minguez05iros,
  author = {Minguez, J.},
  title ={Integration of Planning and Reactive Obstacle Avoidance in Autonomous Sensor-Based Navigation},
  year = 2005,
  booktitle = IROS,
}

@Article{prassler01ram,
  author = {Prassler, E. and Scholz, J. and Fiorini, P.},
  title = {A Robotic Wheelchair for Crowded Public Environment},
  year ={2001},
  journal = ieeeram,
  pages = {38-45},
  volume = 8,
  number = 1
}

@Inproceedings{montesano05icra,
  author = {Montesano, L. and Minguez, J. and Montano, L.},
  title ={Modeling the Static and the Dynamic Parts of the Environment to Improve Sensor-based Navigation},
  year = 2005,
  booktitle = ICRA
}

@Article{freund95jcss,
  author = {Freund, Y. and Schapire, R.},
  title = {A decision-theoretic generalization of on-line learning and an application to boosting},
  year ={1995},
  OPTmonth = aug,
  journal = {Journal of Computer and System Sciences},
  volume = 55,
  number = 1,
  pages = {119-139}
}

@Article{kaelbling98ai,
  author = {Kaelbling, L.P. and Littmann, M.L. and Cassandra, A.R.},
  title = {Planning and acting in partially observable stochastic domains},
  year ={1998},
  journal = {Artificial Intelligence},
  volume = 101
}

@Article{bresenham65isj,
  author = {Bresenham, J.E.},
  title = {Algorithm for computer control of a digital plotter},
  year = {1965},
  journal = {IBM Systems Journal},
  volume = 4,
  number = 1,
  pages = {25-30}
}

@Inproceedings{hart68tssc,
  author = {Hart, P.E. and Nilsson, N.J. and Raphael, B.},
  title = {A Formal Basis for the Heuristic Determination of Minimum Cost Paths},
  year = {1968},
  OPTpages = {100-107},
  booktitle = {IEEE Transactions on Systems Science and Cybernetics}
}

@Article{dijkstra59nm,
  author = {Dijkstra, E.W.},
  title = {A note on two problems in connexion with graphs},
  year = {1959},
  journal = {Numerische Mathematik},
  volume = 1,
  pages = {269-271}
}

@Article{schulz01jras,
  author =	 {Schulz, D. and Burgard, W.},
  title =	 {Probabilistic State Estimation of Dynamic Objects with a Moving Mobile Robot},
  journal =	 jras,
  volume =	 34,
  number =	 {2-3},
  pages =	 {107-115},
  year =	 {2001}
}

@PhDThesis{jensen04phd,
  author = {Jensen, B.},
  title = {Motion Tracking for Human-Robot Interaction},
  year = {2004},
  school = {\'Ecole Polytechnique F\'ed\'erale de Lausanne}
}

@ARTICLE{trahanias05ram,
  author =	 {Trahanias, P. and Burgard, W. and Argyros, A. and H{\"a}hnel, D. and Baltzakis, H. and Pfaff, P. and Stachniss, C.},
  title =	 {{TOURBOT} and {WebFAIR}: Web-Operated Mobile Robots for Tele-Presence in Populated Exhibitions},
  journal =	 ieeeram,
  year = 2005,
  volume = 12,
  number = 2,
  pages = {77-89}
}

@Book{barshalom95,
  author = {Yaakov Bar-Shalom and Xiao-Rong Li},
  title = {Multitarget-Multisensor Tracking: Principles and Techniques},
  year = {1995},
  publisher = {YBS Publishing},
  address = {Storrs, USA},
}

@InProceedings{kluge01icra,
  author = {B. Kluge and C. K\"ohler and E. Prassler},
  title = {Fast and robust tracking of multiple moving objects with a laser range finder},
  booktitle = ICRA,
  year = {2001},
}

@InProceedings{fod02icra,
  author = {A. Fod and A. Howard and M.J. Mataric},
  title = {Laser-Based People Tracking},
  booktitle = ICRA,
  year = {2002},
}

@InProceedings{scheutz04iros,	
  author = {M. Scheutz and J. McRaven and G. Cserey},
  title = {Fast, Reliable, Adaptive, Bimodal People Tracking for Indoor Environments},
  booktitle =	IROS,
  address = {Sendai, Japan},
  year = {2004},
}

@Article{schulz03ijrr,
  author = {D. Schulz and W. Burgard and D. Fox and A.B. Cremers},
  title = {People Tracking with a Mobile Robot Using Sample-based Joint Probabilistic Data Association Filters},
  journal = ijrr,
  pages = {99-116},
  year = {2003},
  volume = {22},
  number = {2},
}

@InProceedings{topp05iros,
  author = {E.A. Topp and H.I. Christensen},
  title = {Tracking for Following and Passing Persons},
  booktitle =	IROS,
  address = {Alberta, Canada},
  year = {2005},
}

@InProceedings{arras07icra,
  author = {Kai O. Arras and \'{O}scar Mart\'{i}nez Mozos and Wolfram Burgard},
  title = {Using Boosted Features for the Detection of People in 2{D} Range Data},
  booktitle =	ICRA,
  address = {Rome, Italy},
  year = {2007},
}

%%%%%%%%%%%%%%%%%%%%%%%%%%%%%%%%%%%%%%%%%%%%
% Blimp stuff
%%%%%%%%%%%%%%%%%%%%%%%%%%%%%%%%%%%%%%%%%%%%

@Article{zufferey06ar,
  author = {Zufferey, J.C. and Guanella, A. and Beyeler, A. and Floreano, D.},
  journal = ar,
  number = {3},
  title = {Flying over the Reality Gap: {F}rom Simulated to Real Indoor Airships},
  volume = {21},
  year = 2006,
  pages = {243--254}
}

@inproceedings{gomes98icra,
  title = {Airship dynamic modeling for autonomous operation},
  author = {Gomes, S.B.V. and Ramos, J.G. Jr.},
  booktitle = ICRA,
  year = {1998},
  OPTpages = {3462--3467}
}

@INPROCEEDINGS{ko07icra,
  author = {Ko, J. and Klein, D.J. and Fox, D. and H\"{a}hnel, D.},
  title = {Gaussian Processes and Reinforcement Learning for Identification and Control of an Autonomous Blimp},
  booktitle = ICRA,
  year = {2007},
}

@techreport{lamb1918,
  author = {Lamb, H.},
  title = {The Inertia Coefficients of an Ellipsoid Moving in Fluid},
  institution = {British Aeronautical Research Committee},
  year = 1918,
  OPTmonth = oct,
  number = {Reports and Memoranda, No. 623},
}

@inproceedings{kim03icra,
  author = {Kim, J. and Ostrowski, J.P.},
  title = {Motion planning of aerial robot using rapidly-exploring random trees with dynamic constraints},
  booktitle = ICRA,
  year = 2003,
}

@article{hygounenc04ijrr,
  author = {Hygounenc, E. and Jung, I.-K. and Soueres, P. and Lacroix, S.},
  title = {The autonomous blimp project at {LAAS}/{CNRS}: {A}chievements in flight control and terrain mapping},
  journal = ijrr,
  volume = {23},
  number = {4},
  year = {2004},
  pages = {473--511},
}

@techreport{munk1922,
  title = {Notes on aerodynamic forces III: the aerodynamic forces on airships},
  author = {Munk, M.M.},
  year = 1922,
  OPTmonth = jul,
  number = {Technical Note No. 106},
  institution = {National Advisory Committee for Aeronautics}
}

@book{leonard92,
  author = {Leonard, J.J. and Durrant-Whyte, H.F.},
  title = {Directed Sonar Sensing for Mobile Robot Navigation},
  publisher = {Kluwer Academic Publishers},
  year = 1992,
  address = {Boston},
}

@article{moravec88,
  author = {Moravec, H.P.},
  title = {Sensor Fusion in Certainty Grids for Mobile Robots},
  journal = {AI Magazine},
  volume = {9},
  number = {2},
  year = {1988},
  pages = {61--74}
}

@inproceedings{burgard96aaai,
  author = {Burgard, W. and Fox, D. and Hennig, D. and Schmidt, T.},
  title =	 {Estimating the Absolute Position of a Mobile Robot Using Position Probability Grids},
  booktitle = AAAI,
  year = 1996,
  OPTpages = {896--901}
}

@Article{fox99jair,
  author = {Fox, D. and Burgard, W. and Thrun, S.},
  title =	{Markov Localization for Mobile Robots in Dynamic Environments},
  journal = jair,
  volume = {11},
  number = {11},
  pages = {391--427},
  year = {1999}
}

@inproceedings{konolige99ijcai,
  author = {Konolige, K. and Chou, K.},
  title = {Markov Localization using Correlation},
  booktitle = IJCAI,
  year = {1999}
}

@article{leonard92ijrr,
  author = {Leonard, J.J. and Durrant-Whyte H.F. and Cox, I.J.},
  title = {Dynamic Map Building for an Autonomous Mobile Robot},
  journal = ijrr,
  volume = 11,
  number = 4,
  pages =  {286--298},
  year = 1992
}

@techreport{hogan94,
  title = {Ultrasonic Sensor Model and Configuration Simulations for Mobile Robot Navigation in Narrow Aisles},
  author = {Hogan, J.E. and Schmitt, P.R. and Book, W.J.},
  year = 1994,
  OPTmonth = dec,
  institution = {Georgia Institute of Technology}
}

@inproceedings{schroeter05ecmr,
  title = {Multi-Sensor {M}onte {C}arlo-Localization combining Omni-Vision and Sonar Range Sensors},
  author = {Schroeter, C. and Koenig, A. and Boehme, H.-J. and Gross, H.-M.},
  booktitle = ECMR,
  year = 2005,
OPTpages = {164--169}
}

@inproceedings{crowley89icra,
  author = {Crowley, J.L.},
  title = {World Modeling and Position Estimation for a Mobile Robot Using Ultrasonic Ranging},
  booktitle = ICRA,
  year = 1989,
OPTpages = {1574--1579}
}

@inproceedings{ko07iros,
  author = {Ko, J. and Klein, D.J. and Fox, D. and H\"{a}hnel, D.},
  title = {{GP-UKF}: Unscented {K}alman Filters with {G}aussian Process Prediction and Observation Models},
  booktitle = IROS,
  year = 2007,
OPTpages = {1901--1907}
}

@inproceedings{zwaan00iros,
  author = {Zwaan, S. and Bernadino, A. and Santos-Victor, J.},
  title = {Vision based Station Keeping and Docking for an Aerial Blimp},
  booktitle = IROS,
  year = 2000,
OPTpages = {614--619}
}

@inproceedings{pfaff08icra,
  author = {Pfaff, P. and Plagemann, C. and Burgard, W.},
  title = {Gaussian Mixture Models for Probabilistic Localization},
  booktitle = ICRA,
  year = 2008,
}

@book{kuchling04physik,
  author = {Kuchling, H.},
  title = {Taschenbuch der Physik},
  publisher = {Fachbuchverlag Leipzig},
  year = {2004}
}

@book{bronstein05mathematik,
  author = {Bronstein, I.N. and Semendjaew, K.A.},
  title = {Taschenbuch der Mathematik},
  publisher = {Harri Deutsch Verlag},
  address = {Frankfurt am Main},
  year = 2005
}

@book{wolfram99mathematica,
  author = {Wolfram, S.},
  title = {The Mathematica Book},
  publisher = {Wolfram Media Inc.},
  year = 1999
}

@book{hunt06matlab,
  author = {Hunt, B.R. and Lipsman, R.L. and Rosenberg, J.M. and Coombes, K.R. and Osborn, J.E. and Stuck, G.J.},
  title = {A Guide to MATLAB},
  publisher = {Cambridge University Press},
  year = 2006
}

@manual{rosenberg05surfint,
  author = {Rosenberg, J.M.},
  title = {Surface Integrals},
  institution = {University of Maryland},
  year = 2005,
  note = {Lecture material},
  url = {http://www.math.umd.edu/\textasciitilde jmr/241/surfint.html}
}

@techreport{diebel06attitude,
  author = {J. Diebel},
  title = {Representing Attitude: Euler Angles, Unit Quaternions, and Rotation Vectors},
  institution = {Stanford University},
  year = {2006}
}

@mastersthesis{majeed08master,
  author = {Majeed, A.A.},
  title = {Integration of predictive filters on ARM7 for application in tracking algorithms},
  year = 2008,
school = {University of Freiburg, Department of Microsystems Engineering}
}

@techreport{honeywell03crosseffect,
  author = {Honeywell},
  title = {Cross axis effect for AMR magnetic sensors},
  institution = {Honeywell International Inc.},
  year = 2003
}

@inproceedings{sippel08enc,
  author = {Sippel, M. and Abduhl-Majeed, A. and Kuntz, W. and Reindl, L.M.},
  title = {Enhancing Accuracy of an Indoor Radar by the Implementation of a Quaternion- and Unscented {K}alman Filter-Based lightweight, planar, strapdown {IMU}},
  booktitle = {Proc.~of the European Navigation Conf.~(ENC-GNSS)},
  year = 2008
}

@book{turcotte02geodynamics,
  author = {Turcotte, D.L. and Schubert, G.},
  title = {Geodynamics},
  year = {2002},
  publisher = {Cambridge University Press}
}


@article{freidman77kdtree,
  author = {Freidman, J.H. and Bentley, J.L. and Finkel, R.A},
  title = {An Algorithm for Finding Best Matches in Logarithmic Expected Time},
  year = 1977,
  journal = {ACM Transactions on Mathematical Software (TOMS)},
  volume = 3,
  number = 3,
  pages = {209--226}
}

@inproceedings{kuemmerl07fsr,
  author = {K{\"u}mmerle, R.  and Triebel, R. and Pfaff, P. and Burgard, W.},
  title = {Monte {C}arlo Localization in Outdoor Terrains using Multi-Level Surface Maps},
  booktitle = FSR,
  year = {2007}
}

@ARTICLE{thrun01robust-mcl,
  author = {Thrun, S. and Fox, D. and Burgard, W. and Dellaert, F.},
  title = {Robust {M}onte {C}arlo Localization for Mobile Robots},
  year = {2001},
  journal = {Artificial Intelligence},
  volume = {128},
  number = {1-2},
  pages = {99--141}
}

@book{doucet01smc,
  author = {Doucet, A. and de Freitas, N. and Gordan, N.},
  title = {Sequential {M}onte {C}arlo Methods in Practice},
  publisher = springer,
  year = 2001
}

@incollection{doucet01smcC10,
  author = {Liu, J. and West, M.},
  title = {Combined Parameter and State Estimation in Simulation-Based Filtering},
  booktitle = {Sequential Monte Carlo Methods in Practice},
  year = {2001},
  editor = {Doucet, A. and de Freitas, N. and Gordon, N.},
  publisher = springer,
  chapter = {10},
}

@book{gerthsen04physik,
  author = {Meschede, D.},
  title = {Gerthsen Physik},
  publisher = springer,
  year = 2004,
note = {In German},
}

@INPROCEEDINGS{angeli06,
  author = {Angeli, A. and Filliat, D. and Doncieux, S. and Meyer, J.-A.},
  title = {2{D} Simultaneous Localization And Mapping for Micro Aerial Vehicles},
  booktitle = {Proc.~of the European Micro Aerial Vehicle Conf.~(EMAV)},
  year = {2006},
  pdfurl = {http://uei.ensta.fr/filliat/papers/Angeli_EMAV2006.pdf},
}

@inproceedings{steder07irosws,
  author = {Steder, B. and Rottmann, A. and Grisetti, G. and Stachniss, C. and Burgard, W.},
  title = {Autonomous Navigation for Small Flying Vehicles},
  booktitle = {Workshop on Micro Aerial Vehicles at the IEEE/RSJ Int.~Conf.~on Intelligent Robots and Systems (IROS)},
  year = 2007
}

@techreport{caruso03mag,
  author = {Caruso, M. J.},
  title = {Applications of Magnetoresistive Sensors in Navigation Systems},
  institution = {Honeywell International Inc.},
  year = 2003
}

@inproceedings{rios01imu,
  author = {Rios, J. A. and White, E.},
  title = {Fusion Filter Algorithm Enhancements For a MEMS GPS/IMU},
  booktitle = {Proc.~of the 14 Int.~Technical Meeting of the Satellite Division of the Insititute of Navigation},
  year = 2001
}

@inproceedings{gul06imu,
  author = {Gul, F. and Jiancheng, F. and Gaho, A. A.},
  title = {GPS/SINS Navigation Data Fusion Using Quaternion Model and Unscented {K}alman Filter},
  booktitle = {Proc.~of the IEEE Int.~Conf.~on Mechatronics and Automation},
  year = 2006,
OPTpages = {1854--1859}
}

@inproceedings{zhao07imu,
  author = {Zhao, L. and Nie, Q. and Guo Q.},
  title = {Unscented {K}alman Filtering for SINS Attitude Estimation},
  booktitle = {Proc.~of the IEEE Int.~Conf.~on Control and Automation},
  year = 2007,
OPTpages = {228--232}
}

@article{tardos02ijrr,
  author = {Tard{\'o}s, J.D. and Neira, J. and Newman, P.M. and Leonard, J.J.},
  title = {Robust Mapping and Localization in Indoor Environments using Sonar Data},
  journal = ijrr,
  year = 2002,
  volume = 21,
  number = 4,
  pages = {311--330}
}

@inproceedings{steder07iros,
  author = {Steder, B. and Grisetti, G. and Grzonka, S. and Stachniss, C. and Rottmann, A. and Burgard, W.},
  title = {Learning Maps in 3{D} using Attitude and Noisy Vision Sensors},
  booktitle = IROS,
  year = 2007,
  OPTpages = {644--649}
}

@inproceedings{jung03iccv,
  author = {Jung, I.-K. and Lacrois, S.},
  title = {High resolution terrain mapping using low altitude aerial stereo imagery},
  booktitle = ICCV,
  year = 2003,
OPTpages = {946--951}
}

@inproceedings{kirchner05icst,
  author = {Kirchner, N. and Furukawa, T.},
  title = {Infrared Localization for Indoor {UAVs}},
  booktitle = {Proc.~of the 1st Int.~Conf.~on Sensing Technology},
  year = 2005
}

@inproceedings{fukushima06icca,
  author = {Fukushima, H. and Ryosuke, S. and Fumitoshi, M. and Hada, Y. and Kawabata, K. and Asama, H.},
  title = {Model Predictive Control of an Autonomous Blimp with Input and Output Constraints},
  booktitle = {Proc.~of the Int.~Conf.~on Control Applications},
  year = 2006,
OPTpages = {2184--2189}
}

@inproceedings{rottmann07ecmr,
  author = {Rottmann, A. and Sippel, M. and Zitterell, T. and Burgard, W. and Reindl, L.M. and Scholl, C.},
  title = {Towards an Experimental Autonomous Blimp Platform},
  booktitle = ECMR,
  year = 2007
}

@inproceedings{rottmann07iros,
  author = {Rottmann, A. and Plagemann, C. and Hilgers, P and Burgard, W.},
  title = {Autonomous Blimp Control using Model-free Reinforcement Learning in a Continuous State and Action Space},
  booktitle = IROS,
  year = 2007
}

@inproceedings{hada05blimp,
  author = {Hada, Q. and Kawabata, K. and Kaetsu, H. and Asama, H.},
  title = {Autonomous Blimp System for Aerial Infrastructure},
  booktitle = {Proc.~of the Int.~Conf.~on Ubiquitous Robots and Ambient Intelligence},
  year = 2005
}

@book{fossen94,
  author = {Fossen, T.I.},
  title = {Guidance and Control of Ocean Vehicles},
  publisher = {John Wiley \& sons},
  year = 1994
}

@inproceedings{kantor01spie,
  author = {Kantor, G. and Wettergreen, D. and Ostrowski, J.P. and Singh, S.},
  title = {Collection of Environmental Data From an Airship Platform},
  booktitle = {Proc.~of the SPIE Conf.~on Sensor Fusion and Decentralized Control in Robotic Systems},
  year = 2001,
  OPTpages = {76--83}
}

@inproceedings{elfes98icra,
  author = {Elfes, A. and Bueno, S.S. and Bergman, M. and Ramos, J.J.G.},
  title = {A Semi-Autonomous Robotic Airship for Environmental Monitoring Missions},
  booktitle = ICRA,
  year = 1998,
}

@inproceedings{zhang99icra,
  author = {Zhang, H. and Ostrowski, J.P.},
  title = {Visual Servoing with Dynamics: Control of an Unmanned Blimp},
  booktitle = ICRA,
  year = 1999,
  OPTpages = {618--623}
}

@inproceedings{fukao03icdc,
  author = {Fukao, T. and Fujitani, K. and Kanade, T.},
  title = {Image-based tracking control of a blimp},
  booktitle = {Proc.~of IEEE Conf.~on Decision and Control},
  year = 2003,
  OPTpages = {5414--5419}
}

@article{brown85ijra,
  author = {Brown, M.K.},
  title = {Feature Extraction Techniques for Recognizing Solid Objects with an Ultrasonic Range Sensor},
  journal = {IEEE Jornal of Robotics and Automation},
  year = 1985,
  volume = 1,
  number = 4,
  pages = {191--205}
}

@article{durrant-whyte88ijrr,
  author = {Durrant-Whyte, H.F.},
  title = {Sensor Models and Multisensor Integration},
  journal = ijrr,
  OPTmonth = dec,
  year = 1988,
  volume = 7,
  number = 6,
  pages = {97--113}
}

@article{drumheller87,
  author = {Drumheller, M.},
  title = {Mobile Robot Localization Using Sonar},
  journal = {IEEE Transactions on Pattern Analysis and Machine Intelligence},
  volume = 9,
  number = 2,
  pages = {325-332},
  OPTmonth = mar,
  year = 1987
}

@inproceedings{rao05icma,
  author = {Rao, J. and Gong, Z. and Shaorong, X.},
  title = {A Flight Control and Navigation System of a Small Unmanned Airship},
  booktitle = {Proc.~of the IEEE Int.~Conf.~on Mechatronics and Automation},
  year = 2005,
  OPTpages = {1491--1496}
}

@inproceedings{hima06iros,
  author = {Hima, S. and Bestaoui, Y.},
  title = {Trim Trajectories Characterization for an Unmanned Autonomous Airship},
  booktitle = IROS,
  year = 2006,
  OPTpages = {137--142}
}

@inproceedings{dellaert99icra,
  author = {Dellaert, F. and Fox, D. and Burgard, W. and Thrun, S.},
  title = {Monte {C}arlo Localization for Mobile Robots},
  booktitle = ICRA,
  year = 1999,
  OPTpages = {1322--1328}
}

@inproceedings{repoulitas08icra,
  author = {Repoulitas, F. and Papadopoulos, E.},
  title = {Robotic Airship Trajectory Tracking Control Using a Backstepping Methodology},
  booktitle = ICRA,
  year = 2008,
  OPTpages = {188--193}
}

@inproceedings{leung08icra,
  author = {Leung, K.Y.K. and Clark, C.M. and Huisson, J.P.},
  title = {Localization in Urban Environments by Matching Ground Level Video Images with an Aerial Image},
  booktitle = ICRA,
  year = 2008,
  OPTpages = {551--556}
}

@book{kinsler00,
  author = {Kinsler, L.E. and Frey, A.R. and Coppens, A.B. and Sanders, J.V.},
  title = {Fundamentals of Acoustics},
  publisher = {John Wiley \& sons},
  year = 2000,
edition = 4
}

@article{thrun03ar,
  author = {Thrun, S.},
  title = {Learning Occupancy Grid Maps With Forward Sensor Models},
  journal = ar,
  volume = 15,
  number = {2},
  pages = {111--127},
  year = 2003
}

@inproceedings{pfaff06euros,
  author = {Pfaff, P. and Burgard, W. and Fox, D.},
  title = {Robust Monte-Carlo Localization using Adaptive Likelihood Models},
  booktitle = {Proc.~of European Robotics Symposium (EUROS)},
  year = 2006
}

@mastersthesis{hennig97diplom,
  author = {Hennig, D.},
  title = {Globale und lokale Positionierung mobiler Roboter mittels Wahrscheinlichkeitsraster},
  year = 1997,
school = {Rheinische Friedrich-Wilhelms-Universit\"{a}t},
  address = {Bonn},
note = {In German}
}

@article{billinghurst02acm,
  title = {Collaborative Augmented Reality},
  author = {Billinghurst, M. and Kato, H.},
  journal = {Communications of the ACM},
  year = 2002,
  volume = 45,
  number = 7,
  pages = {64-70},
}

@book{choset05,
  author = {Choset, H. and Lynch, K.M. and Hutchinson, S. and Kantor, G. and Burgard, W. and Kavarki, L.E. and Thrun, S.},
  title = {Principles of Robot Motion Planning},
  publisher = {MIT-Press},
  year = {2005}
}

@INPROCEEDINGS{Gut98Exp,
  author = {Gutmann, J.-S. and Burgard, W. and Fox, D. and Konolige, K.},
  title = {An Experimental Comparison of Localization Methods},
  booktitle = IROS,
  year = {1998}
}

@INPROCEEDINGS{thrun00aaai,
  author = {Thrun, S. and Fox, D. and Burgard, W.},
  title = {Monte {C}arlo Localization With Mixture Proposal Distribution},
  year = {2000},
  booktitle = AAAI,
}

@inproceedings{lenser00icra,
  author = {Lenser, S. and Veloso, M.},
  title = {Sensor resetting localization for poorly modelled mobile robots},
  booktitle = ICRA,
  year = {2000},
  OPTpages = {1225--1232}
}

%%%%%%%%%%%%%%%%%%%%%%%%%%%%%%%%%%%%%%%%%%%%%%%%%%%%%
% adaptive motion models

@inproceedings{eliazar04ml,
  author = {Eliazar, A.I. and Parr, R.},
  title = {Learning Probabilistic Motion Models for Mobile Robots},
  year = 2004,
  booktitle =	 {Proc.~of the Int.~Conf.~on Machine Learning},
}

@inproceedings{roy99icra,
  author = {Roy, N. and Thrun, S.},
  title = {Online Self-Calibration For Mobile Robots},
  year = 1999,
  booktitle = ICRA,
}

@inproceedings{beeson06icra,
  author = {Beeson, P. and Murarka, A. and Kuipers, B.},
  title = {Adapting Proposal Distributions for Accurate, Efficient Mobile Robot Localization},
  year = 2006,
  booktitle = ICRA,
}

@inproceedings{yap08icra,
  author = {Yap, T.N. and Shelton, R.},
  title = {Simultaneous Learning of Motion and Sensor Model Parameters for Mobile Robots},
  year = 2008,
  booktitle = ICRA,
}

@inproceedings{kaboli06aaai,
  author = {Kaboli, A. and Bowling, M. and Musilek, P.},
  title = {Bayesian Calibration for {M}onte {C}arlo Localization},
  year = 2006,
  booktitle = AAAI,
}

@inproceedings{martinelli03iros,
  author = {Martinelli, A. and Tomatis, N. and Tapus, A. and Siegwart, R.},
  title = {Simultaneous Localization and Odometry Calibration for Mobile Robot},
  year = 2003,
  booktitle = IROS,
}

@inproceedings{stronger05icra,
  author = {Stronger, D. and Stone, P.},
  title = {Simultaneous Calibration of Action and Sensor Models on a Mobile Robot},
  year = 2005,
  booktitle = ICRA,
}

@InProceedings{grzonka09icra,
  author = {Grzonka, S. and Grisetti, G. and Burgard, W.},
  title = {Towards a Navigation System for Autonomous Indoor Flying},
  booktitle = ICRA,
  year = {2009},
}

@InProceedings{he08icra,
  author = 	 {He, R. and Prentice, S. and Roy, N.},
  title = 	 {Planning in Information Space for a Quadrotor Helicopter in a {GPS}-denied Environments}, 
  booktitle = 	 ICRA,
  year =	 {2008},
  OPTpages = {1814--1820}
}

@inproceedings{larsen98spie,
  author = {Larsen, T.D. and Bak, M. and Andersen, N. and Ravn, O.},
  title = {Location Estimation for an Autonomously Guided Vehicle using an Augmented {K}alman Filter to Autocalibrate the Odometry},
  booktitle = SPIE,
  year = 1998,
}

@InProceedings{plagemann07ijcai,
  author = {Plagemann, C. and Fox, D. and Burgard, W.},
  title = {Efficient Failure Detection on Mobile Robots Using Particle Filters with {G}aussian Process Proposals},
  booktitle = IJCAI,
  year = {2007},
}

@InProceedings{plagemann05ams,
  author = {Plagemann, C. and Burgard, W.},
  title = {Sequential Parameter Estimation for Fault Diagnosis in Mobile Robots Using Particle Filters},
  booktitle = {Autonome Mobile Systeme 2005 (AMS)},
  year = {2005},
  publisher = springer,
}

@inproceedings{bryson04acra,
  author = {Bryson, M. and Sukkarieh, S.},
  title = {Vehicle Model Aided Inertial Navigation for a {UAV} using Low-cost Sensors},
  booktitle = ACRA,
  year = 2004
}

%%%%%%%%%%%%%%%%%%%%%%%%%%%%%%%%%%%%%%%%%
%% Motion planning

@inproceedings{lau09iros,
  author = {Lau, B. and Sprunk, C. and Burgard, W.},
  title = {Kinodynamic Motion Planning for Mobile Robots using Splines},
  booktitle = IROS,
  year = {2009}
}

@article{macek09automatika,
  author = {Ma\v{c}ek, K. and Vasquez, G. and Fraichard, T. and Siegwart, R.},
  title = {Towards Safe Vehicle Navigation in Dynamic Urban Scenarios},
  journal = {Automatika},
  volume = {50},
  number = {3-4},
  pages = {184--194},
  year = {2009},
}

@INPROCEEDINGS{Quinlan93elasticbands,
  author = {Quinlan, S. and Khatib, O.},
  title = {Elastic bands: Connecting path planning and control},
  booktitle = ICRA,
  year = {1993},
  OPTpages = {802--807}
}

@ARTICLE{BrockIJRR02,
  author = {Brock, O. and Khatib, O.},
  title = {Elastic Strips: {A} Framework for Motion Generation in Human Environments},
  journal = ijrr,
  year = {2002},
  volume = {21},
  pages = {1031--1052},
  number = {12},
}

@INPROCEEDINGS{LikhachevRSS2008,
  author = {Likhachev, M. and Ferguson, D.},
  title = {Planning Long Dynamically-Feasible Maneuvers For Autonomous Vehicles},
  booktitle = RSS,
  year = {2008},
}

@inproceedings{chestnutt04ijhr,
  author = {Chestnutt, J. and Kuffner, J.},
  title = {A Tiered Planning Strategy for Biped Navigation},
  booktitle = {Proc.~of the IEEE - RAS / RSJ Conf.~on Humanoid Robots},
  year = {2004},
}

@inproceedings{sucan10icra,
  author = {\c{S}ucan, I.A. and Kavraki, L.E.},
  title = {On the Implementation of Single-Query Sampling-Based Motion Planners},
  booktitle = ICRA,
  year = {2010},
}

@inproceedings{plaku07rss,
  author = {Plaku, E. and Kavraki, L.E. and Vardi, M.Y.},
  title = {Discrete Search Leading Continuous Exploration for Kinodynamic Motion Planning},
  booktitle = RSS,
  year = {2007},
}

@inproceedings{roy02iros,
  author = {Roy, N. and Thrun, S.},
  title = {Motion Planning through Policy Search},
  booktitle = IROS,
  year = {2002},
}

@book{lavalle06,
  author = {LaValle, S.M.},
  title = {Planning Algorithms},
  publisher = {Cambridge University Press},
  year = {2006},
}

@inproceedings{bekris07icra,
  author = {Bekris, K.E. and Kavraki, L.E.},
  title = {Greedy but Safe Replanning under Kinodynamic Constraints},
  booktitle = ICRA,
  year = {2007}
}

@article{tsianos07csr,
  author = {Tsianos, K.I. and \c{S}ucan, I.A. and Kavraki, L.E.},
  title = {Sampling-Based Robot Motion Planning: Towards Realistic Applications},
  journal = {Computer Science Review},
  year = {2007},
  volume = {1},
  number = {1},
  pages = {2--11},
}

@inproceedings{plaku08icra,
  author = {Plaku, E. and Kavraki, L.E. and Vardi, M.Y.},
  title = {Impact of Workspace Decompositions on Discrete Search Leading Continuous Exploration ({DSLX}) Motion Planning},
  booktitle = ICRA,
  year = {2008}
}

@inproceedings{garimort11icra,
  author = {Garimort, J. and Hornung, A. and Bennewitz, M.},
  title = {Humanoid navigation with dynamic footstep plans},
  booktitle = ICRA,
  OPTpages = {3982--3987},
  year = {2011},
}

@inproceedings{rickert08icra,
  author = {Rickert, M. and Brock, O. and Knoll, A.},
  title = {Balancing Exploration and Exploitation in Motion Planning},
  booktitle = ICRA,
  year = {2008}
}

@inproceedings{reif79sfcs,
  author = {Reif, J.H.},
  title = {Complexity of the mover's problem and generalizations},
  booktitle = {Proc.~of the Symposium on Foundations of Computer Science},
  year = {1979}
}

@phdthesis{moutinho07,
  author =	 {Moutinho, A.B.},
  title =	 {Modeling and Nonlinear Control for Airship Autonomous Flight},
  school =	 {University of Lisbon},
  year =	 {2007}
}

@inproceedings{ladd05rss,
  author = {Ladd, A.M. and Kavraki, L.E.},
  title = {Motion Planning in the Presence of Drift, Underactuation and Discrete Systems Changes},
  booktitle = RSS,
  year = {2005}
}

@incollection{ladd05afr,
  author = {Ladd, A.M. and Kavraki, L.E.},
  title = {Fast Tree-Based Expoloration of State Space for Robots with Dynamics},
  booktitle = {Algorithmic Foundations of Robotics VI},
  year = {2005},
  OPTpages = {297-312},
  publisher = {Springer, STAR 17},
  organization = {Springer, STAR 17},
}  

@inproceedings{liu09acra,
  author = {Liu, Y. and Pan, Z. and Stirling, D. and Naghdy, F.},
  title = {Q-Learning for Navigation Control of an Autonomous Blimp},
  booktitle = ACRA,
  year = {2009}
}

@book{bertsekas05,
  author = {Bertsekas, D.P.},
  title = {Dynamic Programming and Optimal Control},
  publisher = {Athena Scientific},
  year = {2005},
  volume = {1}
}


@inproceedings{wurm10octomap,
  author = {Wurm, K.M. and Hornung, A. and Bennewitz, M. and Stachniss, C. and Burgard, W.},
  title = {Octo{M}ap: {A} Probabilistic, Flexible, and Compact 3{D} Map Representation for Robotic Systems},
  booktitle = {Proc. of the ICRA Workshop on Best Practice in 3D Perception and Modeling for Mobile Manipulation},
  year = 2010,
}

@incollection{lavalle01rrt,
  author = {LaValle, S.M. and Kuffner, J.J.},
  title = {Rapidly-exploring random trees: Progress and prospects},
  editor = {Donald, B.R. and Lynch, K.M. and Rus, D.},
  booktitle = {Algorithmic and Computational Robotics: New Directions},
  publisher = {A K Peters},
  pages = {293--308},
  year = {2001}
}

@ARTICLE{ferreau2008,
  author = {Ferreau, H.J. and Bock, H.G. and Diehl, M.},
  title = {An online active set strategy to overcome the limitations of explicit {MPC}},
  journal = {Int.~Journal of Robust and Nonlinear Control},
  year = {2008},
  volume = {18},
  number = {8},
  pages = {816--830}
}

@book{wasserman06,
  author = {Wasserman, L.},
  title = {All of Nonparametric Statistics},
  year = {2006},
  publisher = springer,
}

%%%%%%%%%%%%%%%%%%%%%%%%%%%%%%%%%%%%%%%
%% Flow sensing

@article{cubukcu10sna,
  author = {Cubukcu, A.S. and Zernickel, E. and Buerklin, U. and Urban, G.A.},
  title = {A 2{D} thermal flow sensor with sub-m{W} power consumption},
  journal = {Sensors and Actuators A: Physical},
  volume = {163},
  year = {2010},
  pages = {449-456},
  publisher = {Elsevier}
}

@article{lee04ijca,
  author = {Lee, S. and Song, J.-B.},
  title = {Mobile Robot Localization Using Optical Flow Sensors},
  journal = {Int.~Journal of Control, Automation and Systems},
  volume = {2},
  number = {4},
  year = {2004}
}

@Article{conroy09ar,
  author = {Conroy, J. and Gremillion, G. and Ranganathan, B. and Humpert, J.S.},
  title = {Implementation of wide-field integration of optic flow for autonomous quadrotor navigation},
  year = {2009},
  journal = ar,
  volume = {27},
  number = {3},
  pages = {189--198}
}

@Inproceedings{dille09fsr,
  author = {Dille, M. and Grocholsky, B. and Singh, S.},
  title = {Outdoor Downward-facing Optical Flow Odometry with Commodity Sensors},
  year = {2009},
  booktitle = FSR,
}

@Inproceedings{kruusmaa11icra,
  author = {Kruusmaa, M. and Toming, G. and Salum\"{a}e, J. and Je\v{z}ov, J. and Ernits, A.},
  title = {Swimming Speed Control and on-board Flow Sensing of an Artificial Trout},
  year = {2011},
  booktitle = ICRA
}

@article{fei07sms,
  author = {Fei, H. and Zhu, R. and Zhou, Z. and Wang, J.},
  title = {Aircraft flight parameter detection based on a neural network using multiple hot-film flow speed sensors},
  year = {2007},
  journal = {Smart Materials and Structures},
  volume = {16},
  number = {4},
  pages = {1239--1245}
}

@article{tokutake11jsdd,
  author = {Tokutake, H. and Sunada, S. and Fujinaga, J.},
  title = {Attitude Control of a Small {UAV} Using a Flow Sensor System},
  year = {2011},
  journal = {Journal of System Design and Dynamics},
  volume = {5},
  number = {1},
  pages = {1--16}
}

@article{woods07ram,
  author = {Woods, R.J. and Avadhanula, S. and Steltz, E. and Seeman, M. and Entwistle, J. and Bachrach, A. and Barrows, G. and Sanders, S. and Fearing, R.S.},
  title = {An Autonomous Palm-Sized Gliding Micro Air Vehicle},
  year = {2007},
  journal = ieeeram,
  volume = {14},
  number = {2},
  pages = {82--91}
}

@inproceedings{keshavan10acc,
  author = {Keshavan, J. and Humpert, J.S.},
  title = {{MAV} Stability Augmentation Using Weighted Outputs From Distributed Hair Sensor Arrays},
  booktitle = {Proc.~of the American Control Conference},
  year = {2010},
OPTpages = {4445--4450}
}

@article{kim08jcas,
  author = {Kim, S. and Lee, S.},
  title = {Robust Velocity Estimation of an Omnidirectional Mobile Robot Using a Polygonal Array of Optical Mice},
  year = {2008},
  journal = {Int.~Journal of Control, Automation and Systems},
  volume = {6},
  number = {5},
  pages = {713--721}
}

@article{bruschi09sj,
  author = {Bruschi, P. and Dei, M. and Piotto, M.},
  title = {A Low-Power 2-D Wind Sensor Based on Integrated Flow Meters},
  year = {2009},
  journal = {IEEE Sensors Journal},
  volume = {9},
  number = {12}
}

@inproceedings{yang06caneus,
  author = {Yang, Y. and Pandya, S. and Chen, J. and Engel, J. and Chen, N. and Liu, C.},
  title = {Micromachined Hot-Wire Boundary Layer Flow Imaging Array},
  booktitle = {Proc.~of CANEUS Conf.},
  year = {2006}
}

@manual{sensirionsdp600,
  organization = {Sensirion AG},
  address = {St\"{a}fa, Switzerland},
  title = {SDP600 Series -- Differential Pressure Sensors},
  url = {http://www.sensirion.com/en/products/differential-pressure-sensors/differential-pressure-sensor-sdp600-series/},
  year = {2012},
}

@manual{devantechsrf10,
  organization = {Devantech Ltd},
  address = {Attleborough, Norfolk, UK},
  title = {SRF10 Ultrasonic range finder},
  url = {http://www.robot-electronics.co.uk/htm/srf10tech.htm},
  year = {2008},
}

@inproceedings{cao02spie,
  author ={Cao, A. and Borenstein, J.},
  title ={Experimental Characterization of {P}olaroid Ultrasonic Sensors in Single and Phased Array Configuration},
  booktitle ={Proc.~of the UGV Technology Conf.~at the SPIE AeroSense Symposium},
  year = {2002},
  OPTaddress = {Orlando, FL, USA},
  OPTmonth = {April},
  OPTpages = {1-5},
  OPTvolume ={4715},
}

@inproceedings{wyeth97icfsr,
  author = {Wyeth, G. and Barron, I.},
  title = {An Autonomous Blimp},
  booktitle = FSR,
  year = {1997},
OPTpages = {464--470}
}

@article{rutkowski11bc,
  author = {Rutkowski, A.J. and Miller, M.M. and Quinn, R.D. and Willis, M.A.},
  title = {Egomotion estimation with optic flow and air velocity sensors},
  year = {2011},
  journal = {Biological Cybernetics},
  volume = {104},
  number = {6},
  pages = {351--367}
}

@article{cho11taes,
  author = {Cho, A. and Kim, J. and Lee, S. and Kee, C.},
  title = {Wind Estimation and Airspeed Calibration using a {UAV} with a Single-Antenna {GPS} Receiver and Pitot Tube},
  year = {2011},
  journal = {IEEE Transactions on Aerospace and Electronic Systems},
  volume = {47},
  number = {1},
  pages = {109--117}
}

@inproceedings{chao10acc,
  author = {Chao, H. and Chen, Y.Q.},
  title = {Surface Wind Profile Measurement Using Multiple Small Unmanned Aerial Vehicles},
  booktitle = {Proc.~of the American Control Conf.},
  year = {2010},
OPTpages = {4133--4138}
}

@inproceedings{euston08iros,
  author = {Euston, M. and Coote, P. and Mahony, R. and Kim, J. and Hamel, T.},
  title = {A Complementary Filter for Attitude Estimation of a Fixed-Wing {UAV}},
  booktitle = IROS,
  year = {2008},
OPTpages = {340--345}
}

@inproceedings{mayer97iedm,
  author = {Mayer, F. and H\"{a}berli, A. and Ofner, G. and Jacobs, H. and Paul, O. and Baltes, H.},
  title = {Single-chip {CMOS} anemometer},
  booktitle = {Technical Digest of the IEEE Int.~Electron Devices Meeting (IEDM)},
  year = {1997}
}

%%%%%%%%%%%%%%%%%%%%%%%%%%%%%%%%%
% UAVs

@ARTICLE{bachrach11jfr,
  author = {Bachrach, A. and Prentice, S. and He, R. and Roy, N.},
  title ={{RANGE} - {R}obust Autonomous Navigation in {GPS}-denied Environments},
  journal = {Journal of Field Robotics},
  year = {2011},
  volume = {28},
  number = {5},
  pages = {644-666},
  OPTdoi = {10.1002/rob.20400},
}
  
@InProceedings{bry12icra,
  author =       {Bry, A. and Bachrach, A. and Roy, N.},
  title =        {State Estimation for Aggressive Flight in {GPS}-Denied
Environments Using Onboard Sensing},
  booktitle =    ICRA,
  year =         {2012},
  OPTpages = {1--8}
}

@article{grzonka12tro_quadrotor,
  author = {Grzonka, S. and Grisetti, G. and Burgard, W.},
  title = {A Fully Autonomous Indoor Quadrotor},
  journal = ieeetransrob,
  number = {1},
  volume = {8},
  year = {2012},
  pages = {90--100}
}

@article{weiss11jfr,
  author = {Weiss, S. and Scaramuzza, D. and Siegwart, R.},
  title = {Monocular-{SLAM}-Based Navigation for Autonomous Micro Helicopters in {GPS}-Denied Environments},
  journal = {Journal of Field Robotics},
  volume = 28,
  number = 6,
  pages = {854--874},
  year = {2011}
}

@inproceedings{shen11icra,
  author = {Shen, S. and Nathan, M. and Kumar, V.},
  title = {Autonomous multi-floor indoor navigation with a computationally constrained {MAV}},
  booktitle = ICRA,
  year = 2011,
  OPTpages = {20--25},
}

@book{eaton83,
  author = {Eaton, M.L.},
  title = {Multivariate Statistics: A Vector Space Approach},
  publisher = {Wiley},
  year = {1983}
}

@book{bishop06,
  author = {Bishop, C.M.},
  title = {Pattern Recognition and Machine Learning},
  publisher = springer,
  year = {2006}
}

@InProceedings{pfaff07iros,
  title = {Improved Likelihood Models for Probabilistic Localization based on Range Scans},
  author = {Pfaff, P. and Plagemann, C. and Burgard, W.},
  booktitle = IROS,
  year = {2007}
}

@phdthesis{rottmann12phd,
  title = {Approaches to Online Reinforcement Learning for Miniature Airships},
  author = {Rottmann, A.},
  year = {2012},
  school = {University of Freiburg, Department of Computer Science},
}

@Book{russelnorvig03,
  author = {Russel, S. and Norvig, P.},
  title = {Artificial Intelligence: A Modern Approach},
  publisher = {Prentice Hall},
  address = {Upper Saddle River, NJ},
  year = 2003,
  edition = {Second}
}

@book{Bar-Shalom02,
  author = {Bar-Shalom, Y. and Kirubarajan, T. and Li, X.},
  title = {Estimation with Applications to Tracking and Navigation},
  year = {2002},
  publisher = {John Wiley \& Sons, Inc.},
}

@inproceedings{folkesson11isrr,
  author = {Folkesson, J.},
  title = {The Antiparticle Filter - an Adaptive Nonlinear Estimator},
  year = {2011},
  booktitle = ISRR,
}

@inproceedings{folkesson11ecmr,
  author = {Folkesson, J.},
  title = {Robustness of the Quadratic Antiparticle Filter for Robot Localization},
  year = {2011},
  booktitle = ECMR,
  OPTpages = {297--302}
}

@article{kotecha2003gaussian,
  title ={Gaussian particle filtering},
  author ={Kotecha, J.H. and Djuric, P.M.},
  journal ={IEEE Transactions on Signal Processing},
  volume ={51},
  number ={10},
  pages ={2592--2601},
  year ={2003},
}

@inproceedings{thrun02uai,
  author = {Thrun, S.},
  title = {Particle Filters in Robotics},
  year = {2002},
  booktitle = {Proc.~of the 17th Annual Conf.~on Uncertainty in AI (UAI)},
  OPTpages = {511--518}
}

@phdthesis{merwe2004phd,
  title ={Sigma-point Kalman filters for probabilistic inference in dynamic state-space models},
  author ={Van Der Merwe, R.},
  year ={2004},
  school={University of Stellenbosch}
}

@inproceedings{sridharan2005practical,
  title ={Practical vision-based {M}onte {C}arlo localization on a legged robot},
  author ={Sridharan, M. and Kuhlmann, G. and Stone, P.},
  booktitle =ICRA,
  OPTpages ={3366--3371},
  year ={2005},
}

@inproceedings{hornung10iros,
  author = {Hornung, A. and Wurm, K.M. and Bennewitz, M.},
  title = {Humanoid Robot Localization in Complex Indoor Environments},
  booktitle = IROS,
  year = 2010,
  OPTpages = {1690--1695}
}

@inproceedings{kwok03icra,
  title ={Adaptive real-time particle filters for robot localization},
  author ={Kwok, C. and Fox, D. and Meila, M.},
  booktitle =ICRA,
  OPTpages ={2836--2841},
  year ={2003},
}

@article{reid79tac,
  title ={An algorithm for tracking multiple targets},
  author ={Reid, D.},
  journal ={IEEE Transactions on Automatic Control},
  volume ={24},
  number ={6},
  pages ={843--854},
  year ={1979},
}

@article{alspach1972gs,
  title ={Nonlinear {B}ayesian estimation using {G}aussian sum approximations},
  author ={Alspach, D. and Sorenson, H.W.},
  journal ={IEEE Transactions on Automatic Control},
  volume ={17},
  number ={4},
  pages ={439--448},
  year ={1972},
}

@inproceedings{kuemmerle11icra,
  author = {K{\"u}mmerle, R. and Grisetti, G. and Strasdat, H. and Konolige, K. and Burgard, W.},
  title = {g2o: A General Framework for Graph Optimization},
  booktitle = ICRA,
  year = {2011},
  OPTpages = {3607--3613}
}

@inproceedings{strasdat10icra,
  title ={Real-time monocular {SLAM}: Why filter?},
  author ={Strasdat, H. and Montiel, J.M.M. and Davison, A.J.},
  booktitle =ICRA,
  OPTpages ={2657--2664},
  year ={2010},
}

@inproceedings{kaess11icra,
  title ={{iSAM2}: Incremental smoothing and mapping with fluid relinearization and incremental variable reordering},
  author ={Kaess, M. and Johannsson, H. and Roberts, R. and Ila, V. and Leonard, J. and Dellaert, F.},
  booktitle =ICRA,
  OPTpages ={3281--3288},
  year ={2011},
}

@manual{gumstix,
  organization = {Gumstix Inc.},
  title = {Verdex pro {XL6P} {COM}},
  address = {Portola Valley, CA, USA},
  url = {http://www.gumstix.com},
  year = {2013},
}

@manual{openembedded,
  organization = {OpenEmbedded},
  title = {The build framework for embedded Linux},
  url = {http://www.openembedded.org},
  year = {2013},
}

@manual{bitbake,
  organization = {BerliOS},
  title = {BitBake},
  url = {http://developer.berlios.de/projects/bitbake/},
  year = {2013},
}

@manual{ipc2011,
  title = {Inter Process Communication: A Reference Manual (for IPC version 3.9)},
  author = {Simmons, R. and James, D.},
  year = {2011},
  url = {http://www.cs.cmu.edu/afs/cs/project/TCA/www/ipc/},
}

@article{hornung13auro,
  author = {Hornung, A. and Wurm, K.M. and Bennewitz, M. and Stachniss, C. and Burgard, W.},
  title = {{OctoMap}: An Efficient Probabilistic {3D} Mapping Framework Based on Octrees},
  journal = {Autonomous Robots},
  year = 2013,
  volume = {34},
  number = {3},
  pages = {189--206},
  OPTurl = {http://dx.doi.org/10.1007/s10514-012-9321-0},
  OPTdoi = {10.1007/s10514-012-9321-0},
  OPTmonth = {April},
}

@ARTICLE{arun87svd,
  author = {Arun, K.S. and Huang, T.S. and Blostein, S.D.},
  title = {Least-Squares Fitting of Two 3-D Point Sets},
  journal = {IEEE Transactions on Pattern Analysis and Machine Intelligence},
  year = {1987},
  pages = {698--700},
  number = {5},
}

@article{umeyama91svd,
  title ={Least-squares estimation of transformation parameters between two point patterns},
  author ={Umeyama, S.},
  journal ={IEEE Transactions on Pattern Analysis and Machine Intelligence},
  volume ={13},
  number ={4},
  pages ={376--380},
  year ={1991},
}

@techreport{newman08moos,
  title ={{MOOS} -- Mission Orientated Operating Suite},
  author ={Newman, P.N.},
  institution ={Massachusetts Institute of Technology},
  volume ={2299},
  number ={08},
  year ={2008}
}

@inproceedings{quigley09icra,
  title ={{ROS}: an open-source Robot Operating System},
  author ={Quigley, M. and Gerkey, B.P. and Conley, K. and Faust, J. and Foote, T. and Leibs, J. and Berger, E. and Wheeler, R. and Ng, A.},
  booktitle = {Proc.~of the ICRA Workshop on Open Source Software},
  year ={2009}
}

@article{fitzpatrick2008towards,
  title ={Towards long-lived robot genes},
  author ={Fitzpatrick, P. and Metta, G. and Natale, L.},
  journal =jras,
  volume ={56},
  number ={1},
  pages ={29--45},
  year ={2008},
}

@techreport{lavalle98rrt,
  title ={Rapidly-Exploring Random Trees: A New Tool for Path Planning},
  author ={LaValle, S.M.},
  number = {98-11},
  institution = {Computer Science Dept., Iowa State University},
  year ={1998}
}

@inproceedings{ishida09aip,
  title ={Blimp Robot for Three-Dimensional Gas Distribution Mapping in Indoor Environment},
  author ={Ishida, H.},
  booktitle ={AIP Conf.~Proceedings},
  volume ={1137},
  issue={1},
  OPTpages ={61--64},
  year ={2009}
}

@inproceedings{saiki10cca,
  title ={Hovering control of outdoor blimp robots based on path following},
  author ={Saiki, H. and Fukao, T. and Urakubo, T. and Kohno, T.},
  booktitle ={Proc.~of the IEEE Int.~Conf.~on Control Applications (CCA)},
  OPTpages ={2124--2129},
  year ={2010},
}

@article{al-jarrah13jace,
  title ={Developed Blimp Robot Based On Ultrasonic Sensors Using Possibilities Distribution and Fuzzy Logic},
  author ={Al-Jarrah, R. and Roth, H.},
  journal ={Journal of Automation and Control Engineering},
  volume ={1},
  number ={2},
  year ={2013}
}

@inproceedings{green05icar,
  title = {A competition to identify key challenges for unmanned aerial robots in near-earth environments},
  booktitle = {Proc.~of the Int.~Conf.~on Advanced Robotics (ICAR)},
  year = {2005},
  author = {Green, W.E. and Sevcik, K.W. and Oh, P.Y.},
  OPTpages = {309--315},
}

@inproceedings{bermudez05icra,
  title = {A Biologically Based Flight Control System for a Blimp-based {UAV}},
  author = {Berm\'udez i Badia, S. and Pyk, P. and Verschure, P.F.M.J.},
  booktitle = ICRA,
  OPTpages = {3053--3059},
  year = {2005},
}

@misc{bea12air-france,
  title = {Final report on the accident on 1st {J}une 2009 to the {A}irbus {A330-203} registered {F-GZCP} operated by {A}ir {F}rance flight {AF} 447 {R}io de {J}aneiro -- {P}aris},
  author = {Bureau of Enquiry and Analysis for Civil Aviation Safety (BEA)},
  year = {2012}
}

@inproceedings{abbeel05rss,
  author = {Abbeel, P. and Coates, A. and Montemerlo, M. and Ng, A.Y. and Thrun, S.},
  title = {Discriminative Training of {K}alman Filters},
  booktitle = RSS,
  year = {2005},
}

@book{titterton04,
  title ={Strapdown Inertial Navigation Technology},
  author ={Titterton, D.H. and Weston, J.L.},
  year ={2004},
  edition = {Second},
  series = {IEE radar, sonar, navigation and avionics series},
  volume = {17},
  publisher ={Institution of Electrical Engineers},
}

@inproceedings{cheng01iros,
  title ={Reducing metric sensitivity in randomized trajectory design},
  author ={Cheng, P. and LaValle, S.M.},
  booktitle =IROS,
  OPTpages ={43--48},
  year ={2001},
}

@inproceedings{hsu97icra,
  title ={Path planning in expansive configuration spaces},
  author ={Hsu, D. and Latombe, J.-C. and Motwani, R.},
  booktitle =ICRA,
  OPTpages ={2719--2726},
  year ={1997},
}

@inproceedings{sucan08wafr,
  title ={Kinodynamic motion planning by interior-exterior cell exploration},
  author ={\c{S}ucan, I.A. and Kavraki, L.E.},
  booktitle = WAFR,
  OPTpages ={449--464},
  year ={2008},
}

@inproceedings{burns05icra,
  title ={Single-query entropy-guided path planning},
  author ={Burns, B. and Brock, O.},
  booktitle =ICRA,
  OPTpages ={2124--2129},
  year ={2005},
}

@inproceedings{sucan08iros,
  title ={Kinodynamic motion planning with hardware demonstrations},
  author ={\c{S}ucan, I.A. and Kruse, J.F. and Yim, M. and Kavraki, L.E.},
  booktitle =IROS,
  OPTpages ={1661--1666},
  year ={2008},
}

@article {kavraki96tro,
  author = {Kavraki, L.E. and Svestka, P. and Latombe, J.-C. and Overmars, M.},
  title = {Probabilistic Roadmaps for Path Planning in High Dimensional Configuration Spaces},
  journal = ieeetrans,
  volume = {12},
  number = {4},
  year = {1996},
  pages = {566-580},
}

@article{donald93acm,
  title ={Kinodynamic motion planning},
  author ={Donald, B. and Xavier, P. and Canny, J. and Reif, J.},
  journal ={Journal of the ACM},
  volume ={40},
  number ={5},
  pages ={1048--1066},
  year ={1993},
}

@manual{gerkey13amcl,
  author = {Gerkey, B.P.},
  title = {The amcl localization package in {ROS}},
  organization = {Willow Garage},
  year = {2013},
  url = {http://www.ros.org/wiki/amcl},
}

@phdthesis{gonsior09bsc,
  author = {Gonsior, C.},
  title = {Verbesserte {B}ewegungsmodelle f\"{u}r die {L}okalisierung von {M}i\-ni\-a\-tur\-luft\-schif\-fen},
  school = {University of Freiburg, Department of Computer Science},
  year = {2009},
  type = {B{S}c thesis},
  note = {In German},
}

@MastersThesis{kohler10msc,
  author = {Kohler, N.},
  title = {Bewegungsplanung f\"{u}r autonome {L}uftschiffe},
  school = {University of Freiburg, Department of Computer Science},
  year = {2010},
  note = {In German},
}

@article{grisetti09its,
  author = {Grisetti, G. and Stachniss, C.  and Burgard, W.},
  title = {Non-linear Constraint Network Optimization for Efficient Map Learning},
  journal = {IEEE Transactions on Intelligent Transportation Systems},
  year = 2009,
  volume = 10,
  number = 3,
  pages = {428--439},
  pdfurl = {http://www.informatik.uni-freiburg.de/~stachnis/pdf/grisetti09its.pdf}
}

@article{roy05jair,
  author =       {Roy, N. and Gordon, G. and Thrun, S.},
  title =        {Finding Approximate {POMDP} solutions Through Belief Compression},
  journal =      jair,
  year =         {2005},
  volume =       {23},
  number = {1},
  pages =        {1-40},
}

@article{prentice09ijrr,
  author =       {Prentice, S. and Roy, N.},
  title =        {The Belief Roadmap: Efficient Planning in Belief Space by Factoring the Covariance},
  journal =      ijrr,
  year =         {2009},
  volume =       {8},
  number =       {11-12},
  pages =        {1448-1465},
  OPTmonth =        {December},
}

@incollection{sanchez03rr,
  title ={A single-query bi-directional probabilistic roadmap planner with lazy collision checking},
  author ={S{\'a}nchez, G. and Latombe, J.-C.},
  booktitle ={Robotics Research},
  OPTpages ={403--417},
  year ={2003},
  publisher = springer,
  volume ={6},
}

@inproceedings{kuffner00icra,
  title ={{RRT}-connect: {A}n efficient approach to single-query path planning},
  author ={Kuffner, J.J. and LaValle, S.M.},
  booktitle =ICRA,
  OPTpages ={995--1001},
  year ={2000},
}

@article{karaman11ijrr,
  title = {Sampling-based Algorithms for Optimal Motion Planning},
  author = {Karaman, S. and Frazzoli, E.},
  journal = ijrr,
  number = {7},
  pages = {846--894},
  volume = {30},
  year = {2011},
  OPTmonth = {June},
}

@inproceedings{vandenberg10rss,
  author = {van den Berg, J. and Abbeel, P. and Goldberg, K.},
  title = {{LQG-MP}: Optimized Path Planning for Robots with Motion Uncertainty and Imperfect State Information},
  booktitle = RSS,
  year = {2010},
}

@article{vandenberg11ijrr,
  author = {van den Berg, J. and Abbeel, P. and Goldberg, K.},
  title = {{LQG-MP}: Optimized Path Planning for Robots with Motion Uncertainty and Imperfect State Information},
  journal = ijrr,
  year = {2011},
  volume = {30},
  number = {7},
  pages = {895--913},
  OPTdoi = {10.1177/0278364911406562},
}

@inproceedings{mellinger11icra,
  title = {Minimum snap trajectory generation and control for quadrotors},
  author = {Mellinger, D. and Kumar, V.},
  booktitle = ICRA,
  OPTpages = {2520--2525},
  year = {2011},
}

@article{nieuwstadt98ijrnc,
  author = {van Nieuwstadt, M.J. and Murray, R.M.},
  title = {Real-time trajectory generation for differentially flat systems},
  journal = {International Journal of Robust and Nonlinear Control},
  volume = {8},
  number = {11},
  publisher = {Wiley Subscription Services, Inc., A Wiley Company},
  OPTissn = {1099-1239},
  OPTdoi = {10.1002/(SICI)1099-1239(199809)8:11<995::AID-RNC373>3.0.CO;2-W},
  pages = {995--1020},
  year = {1998},
}

@article{fliess95ijc,
  author = {Fliess, M. and L\'{e}vine, J. and Martin, P. and Rouchon, P.},
  title = {Flatness and defect of non-linear systems: introductory theory and examples},
  journal = {International Journal of Control},
  volume = {61},
  number = {6},
  pages = {1327--1361},
  year = {1995},
  OPTdoi = {10.1080/00207179508921959},
}

@article{bachrach12ijrr,
  title = {Estimation, planning, and mapping for autonomous flight using an {RGB-D} camera in {GPS}-denied environments},
  author = {Bachrach, A. and Prentice, S. and He, R. and Henry, P. and Huang, A.S. and Krainin, M. and Maturana, D. and Fox, D. and Roy, N.},
  journal = ijrr,
  volume = {31},
  number = {11},
  pages = {1320--1343},
  year = {2012},
}

@inproceedings{achtelik13icra,
  title = {Path Planning for Motion Dependent State Estimation on Micro Aerial Vehicles},
  author = {Achtelik, M.W. and Weiss, S. and Chli, M. and Siegwart, R.},
  booktitle = ICRA,
  year = {2013},
  OPTpages = {3926--3932},
  OPTdoi = {10.1109/ICRA.2013.6631130},
}

@inproceedings{bry11icra,
  title = {Rapidly-exploring random belief trees for motion planning under uncertainty},
  author = {Bry, A. and Roy, N.},
  booktitle = ICRA,
  OPTpages = {723--730},
  year = {2011},
  OPTdoi = {10.1109/ICRA.2011.5980508},
}

@article{agha-mohammadi14ijrr,
  title = {{FIRM}: Sampling-based feedback motion planning under motion uncertainty and imperfect measurements},
  author = {Agha-mohammadi, A.-a. and Chakravorty, S. and Amato, N.M.},
  journal = ijrr,
  year = {2013},
  OPTdoi = {10.1177/0278364913501564},
}

@inproceedings{sprunk11icra,
  author = {Sprunk, C. and Lau, B. and Pfaff, P. and Burgard, W.},
  title = {Online Generation of Kinodynamic Trajectories for Non-Circular Omnidirectional Robots},
  booktitle = ICRA,
  year = 2011,
  OPTpages = {72--77},
}

@inproceedings{patil12icra,
  title = {Estimating probability of collision for safe planning under {G}aussian motion and sensing uncertainty},
  author = {Patil, S. and van~den~Berg, J. and Alterovitz, R.},
  booktitle = ICRA,
  year = {2012},
  OPTpages = {3238--3244},
  OPTdoi = {10.1109/ICRA.2012.6224727},
}

@article{aoude13auro,
  author = {Aoude, G.S. and Luders, B.D. and Joseph, J.M. and Roy, N. and How, J.P.},
  title = {Probabilistically safe motion planning to avoid dynamic obstacles with uncertain motion patterns},
  journal = {Autonomous Robots},
  year = {2013},
  volume = {35},
  number = {1},
  pages = {51-76},
  OPTdoi = {10.1007/s10514-013-9334-3},
}

@inproceedings{cabecinhas10icra,
  title = {Robust take-off and landing for a quadrotor vehicle},
  author = {Cabecinhas, D. and Naldi, R. and Marconi, L. and Silvestre, C. and Cunha, R.},
  booktitle = ICRA,
  OPTpages = {1630--1635},
  year = {2010},
}

@article{carrillo11jirs,
  author = {Garc\'{i}a Carrillo, L.R. and Rondon, E. and Sanchez, A. and Dzul, A. and Lozano, R.},
  title = {Stabilization and Trajectory Tracking of a Quad-Rotor Using Vision},
  journal = jirs,
  year = {2011},
  volume = {61},
  pages = {103--118},
  OPTdoi = {10.1007/s10846-010-9472-1},
}

@inproceedings{daly11icra,
  title = {Coordinated landing of a quadrotor on a skid-steered ground vehicle in the presence of time delays},
  author = {Daly, J.M. and Ma, Y. and Waslander, S.L.},
  booktitle = ICRA,
  OPTpages = {4961--4966},
  year = {2011},
}

@article{fiorini98ijrr,
  author = {Fiorini, P. and Shiller, Z.},
  title = {Motion Planning in Dynamic Environments Using Velocity Obstacles},
  journal = ijrr,
  volume = {17},
  number = {7},
  pages = {760-772},
  year = {1998},
  OPTdoi = {10.1177/027836499801700706},
}

@article{he11jair,
  title = {Efficient Planning under Uncertainty with Macro-actions},
  author = {He, R. and Brunskill, E. and Roy, N.},
  journal = jair,
  volume = {40},
  number = {1},
  pages = {523--570},
  year = {2011}
}

@inproceedings{hehn11ifac,
  title = {Quadrocopter trajectory generation and control},
  author = {Hehn, M. and D’Andrea, R.},
  booktitle = {IFAC World Congress},
  OPTpages = {1485--1491},
  year = {2011}
}

@article{hehn12auro,
  title = {Performance benchmarking of quadrotor systems using time-optimal control},
  author = {Hehn, M. and Ritz, R. and D’Andrea, R.},
  journal = ar,
  volume = {33},
  number = {1-2},
  pages = {69--88},
  year = {2012},
}

@inproceedings{hehn12iros,
  title={Real-time trajectory generation for interception maneuvers with quadrocopters},
  author={Hehn, M. and D'Andrea, R.},
  booktitle=IROS,
  year={2012},
  OPTpages={4979-4984},
  OPTdoi={10.1109/IROS.2012.6386093},
}

@inproceedings{jiang13iros,
  title = {Reducing failure rates of robotic systems though inferred invariants monitoring},
  author = {Jiang, H. and Elbaum, S. and Detweiler, C.},
  booktitle = IROS,
  OPTpages = {1899--1906},
  year = {2013},
}

@article{kumar12ijrr,
  author = {Kumar, V. and Michael, N.},
  title = {Opportunities and challenges with autonomous micro aerial vehicles},
  journal = ijrr,
  volume = {31},
  number = {11},
  pages = {1279-1291},
  year = {2012},
  OPTdoi = {10.1177/0278364912455954},
}

@inproceedings{lynen13iros,
  title = {A robust and modular multi-sensor fusion approach applied to {MAV} navigation},
  author = {Lynen, S. and Achtelik, M.W. and Weiss, S. and Chli, M. and Siegwart, R.},
  booktitle = IROS,
  OPTpages = {3923--3929},
  year = {2013},
}

@article{mellinger12ijrr,
  author = {Mellinger, D. and Michael, N. and Kumar, V.}, 
  title = {Trajectory generation and control for precise aggressive maneuvers with quadrotors},
  journal = ijrr,
  volume = {31}, 
  number = {5}, 
  pages = {664-674}, 
  year = {2012}, 
  OPTdoi = {10.1177/0278364911434236}, 
}

@article{pereira13jfr,
  author = {Pereira, A.A. and Binney, J. and Hollinger, G.A. and Sukhatme, G.S.},
  title = {Risk-aware path planning for Autonomous Underwater Vehicles using predictive ocean models},
  journal = {Journal of Field Robotics},
  volume = {30},
  number = {5},
  pages = {741-762},
  year = {2013},
  OPTdoi = {10.1002/rob.21472},
}

@article{shen13ram,
  title = {Obtaining Liftoff Indoors: Autonomous Navigation in Confined Indoor Environments},
  author = {Shen, S. and Michael, N. and Kumar, V.},
  journal = ieeeram,
  volume = {20},
  number = {4},
  pages = {40--48},
  year = {2013},
}

@inproceedings{shen13rss,
  author = {Shen, S. and Mulgaonkar, Y. and Michael, N. and Kumar, V.},
  title = {Vision-Based State Estimation and Trajectory Control Towards High-Speed Flight with a Quadrotor},
  booktitle = RSS,
  year = {2013},
}

@inproceedings{vandenberg12icra,
  title = {{LQG}-Obstacles: Feedback Control with Collision Avoidance for Mobile Robots with Motion and Sensing Uncertainty},
  author = {van~den~Berg, J. and Wilkie, D. and Guy, S.J. and Niethammer, M. and Manocha, D.},
  booktitle = ICRA,
  OPTpages = {346--353},
  year = {2012},
}

@article{vandenberg12ijrr,
  author = {van~den~Berg, J. and Patil, S. and Alterovitz, R.},
  title = {Motion planning under uncertainty using iterative local optimization in belief space},
  journal = ijrr,
  volume = {31},
  number = {11},
  pages = {1263-1278},
  year = {2012},
  OPTdoi = {10.1177/0278364912456319},
}

@inproceedings{voos10icca,
  title = {Nonlinear tracking and landing controller for quadrotor aerial robots},
  author = {Voos, H. and Bou-Ammar, H.},
  booktitle = {Proc.~of the IEEE Int.~Conf.~on Control Applications (CCA)},
  OPTpages = {2136--2141},
  year = {2010},
}

@inproceedings{weaver13asme,
  title = {{UAV} Performing Autonomous Landing on {USV} Utilizing the Robot Operating System},
  author = {Weaver, J.N. and Frank, D.Z. and Schwartz, E.M. and Arroyo, A.A.},
  booktitle = {Proc.~of the ASME District F - Early Career Technical Conference},
  year = {2013},
  OPTpages = {119--124},
}

@article{wenzel10jirs,
  title = {Low-Cost Visual Tracking of a Landing Place and Hovering Flight Control with a Microcontroller},
  author = {Wenzel, K.E. and Rosset, P. and Zell, A.},
  journal = jirs,
  pages = {297--311},
  year = {2010},
  volume = {57},
  OPTdoi = {10.1007/s10846-009-9355-5},
}

@article{yang13jirs,
  title = {An Onboard Monocular Vision System for Autonomous Takeoff, Hovering and Landing of a Micro Aerial Vehicle},
  author = {Yang, S. and Scherer, S.A. and Zell, A.},
  journal = jirs,
  volume = {69},
  year = {2013},
  pages = {499--515},
  OPTdoi = {10.1007/s10846-012-9749-7},
}

@article{yang14jirs,
  title = {Autonomous Landing of {MAVs} on an Arbitrarily Textured Landing Site Using Onboard Monocular Vision},
  author = {Yang, S. and Scherer, S.A. and Schauwecker, K. and Zell, A.},
  journal = jirs,
  volume = {74},
  number = {1-2},
  pages = {27--43},
  year = {2014},
  OPTdoi = {10.1007/s10846-013-9906-7},
}

@manual{johnsonXXnlopt,
  title = {The {NLopt} nonlinear-optimization package},
  author = {Johnson, S.G.},
  url = {http://ab-initio.mit.edu/nlopt},
}

@article{powell98acta,
  title={Direct search algorithms for optimization calculations},
  author={Powell, M.J.D.},
  journal={Acta Numerica},
  volume = {7},
  pages={287--336},
  year={1998},
}

@article{kalman84mm,
  title = {The Generalized {V}andermonde Matrix},
  author = {Kalman, D.},
  journal = {Mathematics Magazine},
  volume = {57},
  number = {1},
  year = {1984},
  pages = {15--21},
}

@inproceedings{martinelli05icra,
  title = {Multi-robot Localization Using Relative Observations},
  author = {Martinelli, A. and Pont, F. and Siegwart, R.},
  booktitle = ICRA,
  OPTpages = {2797--2802},
  year = {2005},
}

@inproceedings{ahmad13icra,
  title = {Cooperative robot localization and target tracking based on least squares minimization},
  author = {Ahmad, A. and Tipaldi, G.D. and Lima, P. and Burgard, W.},
  booktitle = ICRA,
  OPTpages = {5696--5701},
  year = {2013},
}

@inproceedings{fink10mcc,
  title = {Optimal robust multihop routing for wireless networks of mobile micro autonomous systems},
  author = {Fink, J. and Ribeiro, A. and Kumar, V. and Sadler, B.M.},
  booktitle = {Military Communications Conference (MILCOM)},
  OPTpages = {1268--1273},
  year = {2010},
}

@inproceedings{huang13ecmr,
  title = {Unscented {iSAM}: {A} consistent incremental solution to cooperative localization and target tracking},
  author = {Huang, G. and Truax, R. and Kaess, M. and Leonard, J.J.},
  booktitle = ECMR,
  OPTpages = {248--254},
  year = {2013},
}

@article{stump09ijrr,
  title = {Control for localization of targets using range-only sensors},
  author = {Stump, E. and Kumar, V. and Grocholsky, B. and Shiroma, P.M.},
  journal = ijrr,
  volume = {28},
  number = {6},
  pages = {743--757},
  year = {2009},
}

@article{wang12tie,
  title = {Cooperative target tracking control of multiple robots},
  author = {Wang, Z. and Gu, D.},
  journal = {IEEE Transactions on Industrial Electronics},
  volume = {59},
  number = {8},
  pages = {3232--3240},
  year = {2012},
}

@article{mourikis06tro,
  title = {Performance analysis of multirobot cooperative localization},
  author = {Mourikis, A.I. and Roumeliotis, S.I.},
  journal = ieeetrans,
  volume = {22},
  number = {4},
  pages = {666--681},
  year = {2006},
}

@inproceedings{howard02iros,
  title = {Localization for mobile robot teams using maximum likelihood estimation},
  author = {Howard, A. and Matari\'{c}, M.J. and Sukhatme, G.S.},
  booktitle = IROS,
  volume = {1},
  pages = {434--439},
  year = {2002},
}

@inproceedings{ong06iros,
  title = {A decentralised particle filtering algorithm for multi-target tracking across multiple flight vehicles},
  author = {Ong, L-L. and Upcroft, B. and Bailey, T. and Ridley, M. and Sukkarieh, S. and Durrant-Whyte, H.},
  booktitle = IROS,
  OPTpages = {4539--4544},
  year = {2006},
}

@inproceedings{valenti2006indoor,
  title={Indoor multi-vehicle flight testbed for fault detection, isolation, and recovery},
  author={Valenti, M. and Bethke, B. and Fiore, G. and How, J.P. and Feron, E.},
  booktitle={Proceedings of the AIAA Guidance, Navigation, and Control Conference and Exhibit},
  OPTvolume={63},
  OPTpages={64},
  year={2006}
}

@article{michael2010grasp,
  title={The {GRASP} multiple micro-{UAV} testbed},
  author={Michael, N. and Mellinger, D. and Lindsey, Q. and Kumar, V.},
  journal=ieeeram,
  volume={17},
  number={3},
  pages={56--65},
  year={2010},
}

@inproceedings{lupashin2010simple,
  title={A simple learning strategy for high-speed quadrocopter multi-flips},
  author={Lupashin, S. and Schollig, A. and Sherback, M. and D'Andrea, R.},
  booktitle=ICRA,
  OPTpages={1642--1648},
  year={2010},
}

@inproceedings{adamey2012decentralized,
  title={A decentralized approach for multi-{UAV} multitarget tracking and surveillance},
  author={Adamey, E. and Ozguner, U.},
  booktitle={SPIE Defense, Security, and Sensing},
  OPTpages={838915--838915},
  year={2012},
}

@incollection{jung2006cooperative,
  title={Cooperative multi-robot target tracking},
  author={Jung, B. and Sukhatme, G.S.},
  booktitle={Distributed Autonomous Robotic Systems 7},
  pages={81--90},
  year={2006},
  publisher={Springer}
}

@inproceedings{mazo2004multi,
  title={Multi-robot tracking of a moving object using directional sensors},
  author={Mazo, M. and Speranzon, A. and Johansson, K.H. and Hu, X.},
  booktitle=ICRA,
  OPTvolume={2},
  OPTpages={1103--1108},
  year={2004},
}

@inproceedings{charrow2013approximate,
  title={Approximate Representations for Multi-Robot Control Policies that Maximize Mutual Information},
  author={Charrow, B. and Kumar, V. and Michael, N.},
  booktitle=RSS,
  year={2013}
}

@article{lowe2004distinctive,
  title={Distinctive image features from scale-invariant keypoints},
  author={Lowe, David G},
  journal={International journal of computer vision},
  volume={60},
  number={2},
  pages={91--110},
  year={2004},
  publisher={Springer}
}

@incollection{bay2006surf,
  title={Surf: Speeded up robust features},
  author={Bay, Herbert and Tuytelaars, Tinne and Van Gool, Luc},
  booktitle={Computer Vision--ECCV 2006},
  pages={404--417},
  year={2006},
  publisher={Springer}
}

@inproceedings{rublee2011orb,
  title={ORB: an efficient alternative to SIFT or SURF},
  author={Rublee, Ethan and Rabaud, Vincent and Konolige, Kurt and Bradski, Gary},
  booktitle={Computer Vision (ICCV), 2011 IEEE International Conference on},
  pages={2564--2571},
  year={2011},
  organization={IEEE}
}

@inproceedings{tang2012textured,
  title={A textured object recognition pipeline for color and depth image data},
  author={Tang, Jie and Miller, Stephen and Singh, Arjun and Abbeel, Pieter},
  booktitle={Robotics and Automation (ICRA), 2012 IEEE International Conference on},
  pages={3467--3474},
  year={2012},
  organization={IEEE}
}

@incollection{van2013fusing,
  title={Fusing color and shape for bag-of-words based object recognition},
  author={van de Weijer, Joost and Khan, Fahad Shahbaz},
  booktitle={Computational Color Imaging},
  pages={25--34},
  year={2013},
  publisher={Springer}
}

@inproceedings{fitzpatrick_active_vision,
 author = {P. Fitzpatrick},
 title = {First contact: an active vision approach to segmentation},
 booktitle = {IEEE/RSJ Int. Conf. Intelligent Robots and Systems (IROS)},
 year = {2003}
} 

@inproceedings{KenneyInteractive,
 author = {Kenney, Jacqueline and Buckley, Thomas and Brock, Oliver},
 title = {Interactive segmentation for manipulation in unstructured environments},
 booktitle = {Proceedings of the 2009 IEEE international conference on Robotics and Automation},
 series = {ICRA'09},
 year = {2009},
 location = {Kobe, Japan},
} 


@inproceedings{Katz-WS-MM-ICRA2011,
Author = {Dov Katz and Oliver Brock},
Title = {Interactive Segmentation of Articulated Objects in 3D},
Year = {2011},
Pages = {},
Booktitle = {Workshop on Mobile Manipulation at ICRA}
}

@InProceedings{bergstrom11icvs,
  author    = {Niklas Bergstr\"{o}m and Carl Henrik Ek and M{\aa}rten Bj{\"o}rkman and Danica Kragic},
  title     = {Scene Understanding through Interactive Perception},
  booktitle = {In 8th International Conference on Computer Vision Systems (ICVS)},
  month     = {September},
  year      = {2011},
  address   = {Sophia Antipolis},
}
