@article{McGeer01041990,
  author = {McGeer, Tad}, 
  title = {\href{http://ijr.sagepub.com/content/9/2/62.abstract}{Passive Dynamic Walking}}, 
  volume = {9}, 
  number = {2}, 
  pages = {62-82}, 
  year = {1990}, 
  doi = {10.1177/027836499000900206}, 
  URL = {http://ijr.sagepub.com/content/9/2/62.abstract}, 
  eprint = {http://ijr.sagepub.com/content/9/2/62.full.pdf+html}, 
  journal = {The International Journal of Robotics Research}
}

@article{kalman1960new,
  title={A new approach to linear filtering and prediction problems},
  author={Kalman, R.E.},
  journal={Journal of Basic Engineering},
  volume={82},
  number={1},
  pages={35--45},
  year={1960},
  publisher={Citeseer}
}

@article{lowe2004distinctive,
  title={Distinctive image features from scale-invariant keypoints},
  author={Lowe, David G},
  journal={International journal of computer vision},
  volume={60},
  number={2},
  pages={91--110},
  year={2004},
  publisher={Springer}
}

@incollection{bay2006surf,
  title={Surf: Speeded up robust features},
  author={Bay, Herbert and Tuytelaars, Tinne and Van Gool, Luc},
  booktitle={Computer Vision--ECCV 2006},
  pages={404--417},
  year={2006},
  publisher={Springer}
}

@inproceedings{rublee2011orb,
  title={ORB: an efficient alternative to SIFT or SURF},
  author={Rublee, Ethan and Rabaud, Vincent and Konolige, Kurt and Bradski, Gary},
  booktitle={Computer Vision (ICCV), 2011 IEEE International Conference on},
  pages={2564--2571},
  year={2011},
  organization={IEEE}
}

@inproceedings{tang2012textured,
  title={A textured object recognition pipeline for color and depth image data},
  author={Tang, Jie and Miller, Stephen and Singh, Arjun and Abbeel, Pieter},
  booktitle={Robotics and Automation (ICRA), 2012 IEEE International Conference on},
  pages={3467--3474},
  year={2012},
  organization={IEEE}
}

@incollection{van2013fusing,
  title={Fusing color and shape for bag-of-words based object recognition},
  author={van de Weijer, Joost and Khan, Fahad Shahbaz},
  booktitle={Computational Color Imaging},
  pages={25--34},
  year={2013},
  publisher={Springer}
}

@inproceedings{fitzpatrick_active_vision,
 author = {P. Fitzpatrick},
 title = {First contact: an active vision approach to segmentation},
 booktitle = {IEEE/RSJ Int. Conf. Intelligent Robots and Systems (IROS)},
 year = {2003}
} 

@inproceedings{KenneyInteractive,
 author = {Kenney, Jacqueline and Buckley, Thomas and Brock, Oliver},
 title = {Interactive segmentation for manipulation in unstructured environments},
 booktitle = {Proceedings of the 2009 IEEE international conference on Robotics and Automation},
 series = {ICRA'09},
 year = {2009},
 location = {Kobe, Japan},
} 


@inproceedings{Katz-WS-MM-ICRA2011,
Author = {Dov Katz and Oliver Brock},
Title = {Interactive Segmentation of Articulated Objects in 3D},
Year = {2011},
Pages = {},
Booktitle = {Workshop on Mobile Manipulation at ICRA}
}

@InProceedings{bergstrom11icvs,
  author    = {Niklas Bergstr\"{o}m and Carl Henrik Ek and M{\aa}rten Bj{\"o}rkman and Danica Kragic},
  title     = {Scene Understanding through Interactive Perception},
  booktitle = {In 8th International Conference on Computer Vision Systems (ICVS)},
  month     = {September},
  year      = {2011},
  address   = {Sophia Antipolis},
}

@inproceedings{atanasov2013hypothesis,
  title={Hypothesis testing framework for active object detection},
  author={Atanasov, Nikolay and Sankaran, Bharath and Le Ny, Jerome and Koletschka, Thomas and Pappas, George J and Daniilidis, Kostas},
  booktitle={Robotics and Automation (ICRA), 2013 IEEE International Conference on},
  pages={4216--4222},
  year={2013},
  organization={IEEE}
}
